{"gold_per_floor":[109,121,140,160,176,209,209,228,228,153,153,183,108,139,139,215,215,229,229,129],"floor_reached":20,"playtime":667,"items_purged":["Strike_R"],"score":368,"play_id":"8c8ae066-f5aa-400e-9598-1606b6835c47","local_time":"20231229003540","is_ascension_mode":true,"campfire_choices":[{"data":"Armaments","floor":7.0,"key":"SMITH"},{"data":"Shockwave","floor":15,"key":"SMITH"}],"neow_cost":"PERCENT_DAMAGE","seed_source_timestamp":1373176244800,"circlet_count":0,"master_deck":["AscendersBane","Strike_R","Defend_R","Defend_R","Defend_R","Defend_R","Bash","Fiend Fire","Carnage","Clash","Shockwave+1","Armaments+1","Inflame","Limit Break+1"],"special_seed":0,"relics":["Burning Blood","Vajra","Toxic Egg 2","Magic Flower","Odd Mushroom","StoneCalendar","Empty Cage"],"potions_floor_usage":[16,20],"damage_taken":[{"damage":9.0,"enemies":"Jaw Worm","floor":1.0,"turns":4.0},{"damage":5.0,"enemies":"Small Slimes","floor":2.0,"turns":3.0},{"damage":0.0,"enemies":"Cultist","floor":3.0,"turns":2.0},{"damage":15.0,"enemies":"Exordium Wildlife","floor":4.0,"turns":5.0},{"damage":10.0,"enemies":"Red Slaver","floor":5.0,"turns":3.0},{"damage":10.0,"enemies":"Lagavulin","floor":6.0,"turns":5.0},{"damage":11.0,"enemies":"2 Fungi Beasts","floor":8.0,"turns":4.0},{"damage":4.0,"enemies":"The Mushroom Lair","floor":12.0,"turns":4.0},{"damage":8,"enemies":"Gremlin Nob","floor":14,"turns":3},{"damage":22,"enemies":"Hexaghost","floor":16,"turns":9},{"damage":35,"enemies":"3 Byrds","floor":18,"turns":7},{"damage":28,"enemies":"2 Thieves","floor":20,"turns":5}],"seed_played":"3584056400814185849","potions_obtained":[{"floor":1.0,"key":"Weak Potion"},{"floor":6.0,"key":"ColorlessPotion"},{"floor":8.0,"key":"Strength Potion"},{"floor":12.0,"key":"GamblersBrew"}],"is_trial":false,"path_per_floor":["M","M","M","M","M","E","R","M","T","$","?","?","?","E","R","B",null,"M","?","M"],"character_chosen":"IRONCLAD","basemod:card_modifiers":[null,null,null,null,null,null,null,null,null,null,null,null,null,null],"items_purchased":[],"campfire_rested":0,"item_purchase_floors":[],"current_hp_per_floor":[47,48,54,45,41,37,37,32,32,32,27,32,32,33,33,20,61,35,35,7],"gold":129,"neow_bonus":"THREE_RARE_CARDS","is_prod":false,"is_daily":false,"chose_seed":false,"campfire_upgraded":2,"win_rate":0,"timestamp":1703777740,"path_taken":["M","M","M","M","M","E","R","M","T","$","?","?","?","E","R","BOSS","M","?","M"],"build_version":"2022-12-18","purchased_purges":1,"victory":false,"max_hp_per_floor":[75,75,75,75,75,75,75,75,75,75,75,75,75,75,75,75,75,75,75,75],"relic_stats":{"counters":[12,54],"Magic Flower":[12],"StoneCalendar":[88],"obtain_stats":[{"Vajra":6,"Magic Flower":11,"StoneCalendar":14,"Toxic Egg 2":9,"Odd Mushroom":12,"Empty Cage":17,"Burning Blood":0},{"Vajra":6,"Magic Flower":7,"StoneCalendar":9,"Toxic Egg 2":7,"Odd Mushroom":8,"Empty Cage":10,"Burning Blood":0},{"Vajra":22,"Magic Flower":26,"StoneCalendar":33,"Toxic Egg 2":26,"Odd Mushroom":30,"Empty Cage":42,"Burning Blood":0}],"Burning Blood":78},"card_choices":[{"not_picked":["Impervious","Offering"],"picked":"Fiend Fire","floor":0.0},{"not_picked":["Clash","Shrug It Off"],"picked":"Carnage","floor":1.0},{"not_picked":["Iron Wave","Entrench"],"picked":"Clash","floor":2.0},{"not_picked":["Sever Soul","Heavy Blade"],"picked":"Shockwave","floor":3.0},{"not_picked":["Body Slam","Perfected Strike","Twin Strike"],"picked":"SKIP","floor":4.0},{"not_picked":["Heavy Blade","Body Slam"],"picked":"Armaments","floor":5.0},{"not_picked":["Headbutt","Searing Blow","Bludgeon"],"picked":"SKIP","floor":6.0},{"not_picked":["Twin Strike","Thunderclap","Rupture"],"picked":"SKIP","floor":8.0},{"not_picked":["Intimidate+1","Heavy Blade"],"picked":"Inflame","floor":12.0},{"not_picked":["Twin Strike","Perfected Strike","Sentinel+1"],"picked":"SKIP","floor":14},{"not_picked":["Double Tap+1","Exhume+1"],"picked":"Limit Break+1","floor":16},{"not_picked":["Evolve","Thunderclap","Combust"],"picked":"SKIP","floor":18}],"player_experience":541880,"relics_obtained":[{"floor":6.0,"key":"Vajra"},{"floor":9.0,"key":"Toxic Egg 2"},{"floor":12.0,"key":"Odd Mushroom"},{"floor":14,"key":"StoneCalendar"}],"event_choices":[{"damage_healed":0.0,"max_hp_gain":0.0,"max_hp_loss":0.0,"gold_gain":0.0,"event_name":"Scrap Ooze","player_choice":"Success","floor":11.0,"gold_loss":0.0,"damage_taken":5.0,"relics_obtained":["Magic Flower"]},{"damage_healed":0.0,"max_hp_gain":0.0,"max_hp_loss":0.0,"gold_gain":0.0,"event_name":"Mushrooms","player_choice":"Fought Mushrooms","floor":12.0,"gold_loss":0.0,"damage_taken":0.0},{"cards_removed":["Strike_R"],"damage_healed":0.0,"max_hp_gain":0.0,"max_hp_loss":0.0,"gold_gain":0.0,"event_name":"The Cleric","player_choice":"Card Removal","floor":13.0,"gold_loss":75.0,"damage_taken":0.0},{"damage_healed":0,"gold_gain":0,"player_choice":"Ignored","damage_taken":0,"max_hp_gain":0,"max_hp_loss":0,"event_name":"N\u0027loth","floor":19,"gold_loss":0}],"is_beta":false,"boss_relics":[{"not_picked":["Runic Cube","Sozu"],"picked":"Empty Cage"}],"items_purged_floors":[10],"is_endless":false,"potions_floor_spawned":[1,6,8,12],"killed_by":"2 Thieves","ascension_level":20}