{"gold_per_floor":[109,121,121,196,217,217],"floor_reached":6,"playtime":173,"items_purged":[],"score":72,"play_id":"659a87d5-2f98-4124-9984-81ceebe05429","local_time":"20240109004100","is_ascension_mode":true,"campfire_choices":[],"neow_cost":"TEN_PERCENT_HP_LOSS","seed_source_timestamp":47555236478800,"circlet_count":0,"master_deck":["AscendersBane","Strike_R","Strike_R","Strike_R","Defend_R","Defend_R","Defend_R","Defend_R","Bash","Brutality","Reaper","Dropkick","Inflame","Shrug It Off"],"relics":["Burning Blood","Golden Idol"],"potions_floor_usage":[6],"damage_taken":[{"damage":12,"enemies":"Small Slimes","floor":1,"turns":5},{"damage":19,"enemies":"Jaw Worm","floor":2,"turns":7},{"damage":8,"enemies":"Cultist","floor":5,"turns":4},{"damage":28,"enemies":"3 Sentries","floor":6,"turns":7}],"seed_played":"6093729035090325927","potions_obtained":[{"floor":1,"key":"SneckoOil"},{"floor":5,"key":"ElixirPotion"}],"is_trial":false,"path_per_floor":["M","M","?","?","M","E"],"character_chosen":"IRONCLAD","basemod:card_modifiers":[null,null,null,null,null,null,null,null,null,null,null,null,null,null],"items_purchased":[],"campfire_rested":0,"item_purchase_floors":[],"current_hp_per_floor":[66,57,34,23,25,0],"gold":217,"neow_bonus":"TRANSFORM_TWO_CARDS","is_prod":false,"is_daily":false,"chose_seed":false,"campfire_upgraded":0,"win_rate":0,"timestamp":1704728460,"path_taken":["M","M","?","?","M","E"],"build_version":"2022-12-18","purchased_purges":0,"victory":false,"max_hp_per_floor":[68,68,68,68,68,68],"relic_stats":{"counters":[4,23],"Golden Idol":4,"obtain_stats":[{"Golden Idol":3,"Burning Blood":0},{"Golden Idol":2,"Burning Blood":0},{"Golden Idol":12,"Burning Blood":0}],"Burning Blood":18},"card_choices":[{"not_picked":["Entrench","Burning Pact"],"picked":"Dropkick","floor":1},{"not_picked":["Shrug It Off","Pommel Strike"],"picked":"Inflame","floor":2},{"not_picked":["Headbutt","Searing Blow"],"picked":"Shrug It Off","floor":5}],"player_experience":544748,"relics_obtained":[],"event_choices":[{"damage_healed":0,"gold_gain":0,"player_choice":"Take Damage","damage_taken":23,"relics_obtained":["Golden Idol"],"max_hp_gain":0,"max_hp_loss":0,"event_name":"Golden Idol","floor":3,"gold_loss":0},{"damage_healed":0,"gold_gain":75,"player_choice":"Gather Gold","damage_taken":11,"max_hp_gain":0,"max_hp_loss":0,"event_name":"World of Goop","floor":4,"gold_loss":0}],"is_beta":false,"boss_relics":[],"items_purged_floors":[],"is_endless":false,"potions_floor_spawned":[1,5],"killed_by":"3 Sentries","ascension_level":20}