{"gold_per_floor":[114,114,54,66,66,92,92,105,105,105,3,17,34,54,54,128,128,147,161,61,61,61],"floor_reached":22,"playtime":475,"items_purged":["Strike_R","Strike_R","Strike_R"],"score":422,"play_id":"571b069a-fecd-46bb-81c5-7ea383c80e08","local_time":"20240109003129","is_ascension_mode":true,"campfire_choices":[{"data":"Bludgeon","floor":10,"key":"SMITH"},{"data":"Inflame","floor":15,"key":"SMITH"}],"neow_cost":"NONE","seed_source_timestamp":46680748374000,"circlet_count":0,"master_deck":["AscendersBane","Strike_R","Strike_R+1","Defend_R","Defend_R","Defend_R","Defend_R","Bash+1","Sword Boomerang","Battle Trance","Bludgeon+1","True Grit","Shrug It Off","Bloodletting","Inflame+1","Reaper"],"relics":["Burning Blood","NeowsBlessing","The Courier","Vajra","Coffee Dripper"],"potions_floor_usage":[16,22],"damage_taken":[{"damage":0,"enemies":"Jaw Worm","floor":1,"turns":1},{"damage":0,"enemies":"2 Louse","floor":4,"turns":1},{"damage":0,"enemies":"Lagavulin","floor":6,"turns":1},{"damage":0,"enemies":"Cultist","floor":8,"turns":2},{"damage":0,"enemies":"2 Fungi Beasts","floor":12,"turns":4},{"damage":1,"enemies":"Looter","floor":13,"turns":3},{"damage":9,"enemies":"Exordium Wildlife","floor":14,"turns":3},{"damage":32,"enemies":"The Guardian","floor":16,"turns":11},{"damage":19,"enemies":"Spheric Guardian","floor":18,"turns":4},{"damage":27,"enemies":"Shell Parasite","floor":19,"turns":8},{"damage":8,"enemies":"Sentry and Sphere","floor":22,"turns":3}],"seed_played":"999406497130856972","potions_obtained":[{"floor":6,"key":"SpeedPotion"},{"floor":12,"key":"EntropicBrew"},{"floor":14,"key":"DuplicationPotion"},{"floor":16,"key":"ColorlessPotion"}],"is_trial":false,"path_per_floor":["M","?","$","M","?","E","?","M","T","R","$","M","M","M","R","B",null,"M","M","$","?","M"],"character_chosen":"IRONCLAD","basemod:card_modifiers":[null,null,null,null,null,null,null,null,null,null,null,null,null,null,null,null],"items_purchased":["Shrug It Off"],"campfire_rested":0,"item_purchase_floors":[11],"current_hp_per_floor":[74,39,39,45,22,28,28,34,34,34,34,40,45,42,42,16,60,47,29,29,8,0],"gold":61,"neow_bonus":"THREE_ENEMY_KILL","is_prod":false,"is_daily":false,"chose_seed":false,"campfire_upgraded":2,"win_rate":0,"timestamp":1704727889,"path_taken":["M","?","$","M","?","E","?","M","T","R","$","?","M","M","R","BOSS","M","M","$","?","M"],"build_version":"2022-12-18","purchased_purges":3,"victory":false,"max_hp_per_floor":[75,75,75,75,75,75,75,75,75,75,75,75,75,75,75,75,75,75,75,75,80,80],"relic_stats":{"counters":[11,41],"The Courier":66,"obtain_stats":[{"NeowsBlessing":0,"Vajra":6,"The Courier":2,"Coffee Dripper":17,"Burning Blood":0},{"NeowsBlessing":0,"Vajra":3,"The Courier":1,"Coffee Dripper":8,"Burning Blood":0},{"NeowsBlessing":0,"Vajra":3,"The Courier":1,"Coffee Dripper":26,"Burning Blood":0}],"Burning Blood":60},"card_choices":[{"not_picked":["Flex","Headbutt"],"picked":"Sword Boomerang","floor":1},{"not_picked":["Perfected Strike","Warcry","Combust"],"picked":"SKIP","floor":4},{"not_picked":["Searing Blow","Havoc"],"picked":"Battle Trance","floor":6},{"not_picked":["Anger","Armaments","Entrench"],"picked":"SKIP","floor":8},{"not_picked":["Anger","Cleave","Dropkick"],"picked":"SKIP","floor":12},{"not_picked":["Wild Strike","Anger"],"picked":"Bloodletting","floor":13},{"not_picked":["Clothesline","Brutality"],"picked":"Inflame","floor":14},{"not_picked":["Brutality","Double Tap"],"picked":"Reaper","floor":16},{"not_picked":["Twin Strike","Shrug It Off","Body Slam"],"picked":"SKIP","floor":18},{"not_picked":["Cleave","Warcry","Anger"],"picked":"SKIP","floor":19}],"player_experience":543896,"relics_obtained":[{"floor":6,"key":"Vajra"}],"event_choices":[{"damage_healed":0,"gold_gain":0,"player_choice":"Success","damage_taken":35,"relics_obtained":["The Courier"],"max_hp_gain":0,"max_hp_loss":0,"event_name":"Scrap Ooze","floor":2,"gold_loss":0},{"damage_healed":0,"gold_gain":0,"player_choice":"Entered Light","damage_taken":23,"max_hp_gain":0,"max_hp_loss":0,"event_name":"Shining Light","floor":5,"gold_loss":0,"cards_upgraded":["Strike_R","Bash"]},{"damage_healed":0,"gold_gain":0,"player_choice":"2 cards matched","damage_taken":0,"max_hp_gain":0,"max_hp_loss":0,"event_name":"Match and Keep!","floor":7,"gold_loss":0,"cards_obtained":["Bludgeon","True Grit"]},{"damage_healed":0,"gold_gain":0,"player_choice":"Shed Blood","damage_taken":26,"max_hp_gain":5,"max_hp_loss":0,"event_name":"Forgotten Altar","floor":21,"gold_loss":0}],"is_beta":false,"boss_relics":[{"not_picked":["Sozu","Empty Cage"],"picked":"Coffee Dripper"}],"items_purged_floors":[3,11,20],"is_endless":false,"potions_floor_spawned":[6,12,14,16,19],"killed_by":"Sentry and Sphere","ascension_level":20}