{"gold_per_floor":[17,67,83,94,105,105,115,40,40,67,84,100,118,145,145,145],"floor_reached":16,"playtime":377,"items_purged":["Strike_R"],"score":232,"play_id":"3f1268f7-2e10-4331-8f21-2336072070b1","local_time":"20240109003800","is_ascension_mode":true,"campfire_choices":[{"data":"Wild Strike","floor":6.0,"key":"SMITH"},{"data":"True Grit","floor":15,"key":"SMITH"}],"neow_cost":"NO_GOLD","seed_source_timestamp":47163550261100,"circlet_count":0,"master_deck":["AscendersBane","Strike_R","Strike_R","Strike_R","Defend_R","Defend_R","Defend_R","Bash","Wild Strike+1","Anger","Shrug It Off","Pommel Strike","Immolate","True Grit+1"],"special_seed":0,"relics":["Burning Blood","Mummified Hand"],"potions_floor_usage":[16,16],"damage_taken":[{"damage":16.0,"enemies":"Jaw Worm","floor":1.0,"turns":5.0},{"damage":1.0,"enemies":"Cultist","floor":3.0,"turns":3.0},{"damage":4.0,"enemies":"Small Slimes","floor":4.0,"turns":3.0},{"damage":4.0,"enemies":"2 Fungi Beasts","floor":5.0,"turns":4.0},{"damage":3.0,"enemies":"Blue Slaver","floor":7.0,"turns":3.0},{"damage":28.0,"enemies":"Gremlin Nob","floor":10.0,"turns":4.0},{"damage":17,"enemies":"Exordium Thugs","floor":11,"turns":4},{"damage":10,"enemies":"Lots of Slimes","floor":12,"turns":5},{"damage":6,"enemies":"3 Louse","floor":13,"turns":4},{"damage":15,"enemies":"3 Sentries","floor":14,"turns":5},{"damage":26,"enemies":"Hexaghost","floor":16,"turns":8}],"seed_played":"1551921589463897817","potions_obtained":[{"floor":4.0,"key":"DuplicationPotion"},{"floor":5.0,"key":"Energy Potion"},{"floor":7.0,"key":"BlessingOfTheForge"},{"floor":12,"key":"BlessingOfTheForge"},{"floor":13,"key":"Strength Potion"}],"is_trial":false,"path_per_floor":["M","?","M","M","M","R","M","$","T","E","M","M","M","E","R","B"],"character_chosen":"IRONCLAD","basemod:card_modifiers":[null,null,null,null,null,null,null,null,null,null,null,null,null,null],"items_purchased":[],"campfire_rested":0,"item_purchase_floors":[],"current_hp_per_floor":[58,58,63,65,67,67,70,70,70,48,37,33,33,24,24,0],"gold":145,"neow_bonus":"REMOVE_TWO","is_prod":false,"is_daily":false,"chose_seed":false,"campfire_upgraded":2,"win_rate":0,"timestamp":1704728280,"path_taken":["M","?","M","M","M","R","M","$","T","E","?","M","M","E","R","BOSS"],"build_version":"2022-12-18","purchased_purges":1,"victory":false,"max_hp_per_floor":[75,75,75,75,75,75,75,75,75,75,75,75,75,75,75,75],"relic_stats":{"counters":[11,48],"Mummified Hand":[0],"obtain_stats":[{"Mummified Hand":14,"Burning Blood":0},{"Mummified Hand":10,"Burning Blood":0},{"Mummified Hand":40,"Burning Blood":0}],"Burning Blood":60},"card_choices":[{"not_picked":["Thunderclap","Metallicize"],"picked":"Wild Strike","floor":1.0},{"not_picked":["Twin Strike","Rage"],"picked":"Anger","floor":3.0},{"not_picked":["Searing Blow","True Grit"],"picked":"Shrug It Off","floor":4.0},{"not_picked":["Iron Wave","Limit Break","Heavy Blade"],"picked":"SKIP","floor":5.0},{"not_picked":["Rampage","Rage"],"picked":"Pommel Strike","floor":7.0},{"not_picked":["Clothesline","Warcry","Pommel Strike"],"picked":"SKIP","floor":10},{"not_picked":["Bloodletting","Cleave","Thunderclap"],"picked":"SKIP","floor":11},{"not_picked":["Warcry","Sword Boomerang"],"picked":"Immolate","floor":12},{"not_picked":["Whirlwind","Infernal Blade"],"picked":"True Grit","floor":13},{"not_picked":["Dropkick","Heavy Blade","Twin Strike"],"picked":"SKIP","floor":14}],"player_experience":544371,"relics_obtained":[{"floor":14,"key":"Mummified Hand"}],"event_choices":[{"damage_healed":0.0,"max_hp_gain":0.0,"max_hp_loss":0.0,"gold_gain":50.0,"event_name":"Golden Shrine","player_choice":"Pray","floor":2.0,"gold_loss":0.0,"damage_taken":0.0}],"is_beta":false,"boss_relics":[],"items_purged_floors":[8],"is_endless":false,"potions_floor_spawned":[4,5,7,12,13],"killed_by":"Hexaghost","ascension_level":20}