{"gold_per_floor":[111,127,138,149,166,166,180,180,180,206,131,147,158,173,173,252,252,265,280,291,301,226,226,252,252,252,252,252,266,293,313,313,390,390,404,404,82,100,113,113,143,159,159,159,184,184,195,206,206,206,206,206,206,69,104,104],"floor_reached":57,"playtime":2012,"items_purged":["Strike_G","Backstab"],"score":2974,"play_id":"d46b5720-f17d-4dce-9bd0-6dd7c09bcd66","local_time":"20240121004907","is_ascension_mode":true,"campfire_choices":[{"data":"Tactician","floor":6,"key":"SMITH"},{"data":"Blade Dance","floor":8,"key":"SMITH"},{"data":"Blade Dance","floor":15,"key":"SMITH"},{"data":"Acrobatics","floor":23,"key":"SMITH"},{"data":"A Thousand Cuts","floor":25,"key":"SMITH"},{"data":"Accuracy","floor":28,"key":"SMITH"},{"data":"Neutralize","floor":32,"key":"SMITH"},{"data":"Phantasmal Killer","floor":40,"key":"SMITH"},{"floor":44,"key":"RECALL"},{"data":"Footwork","floor":49,"key":"SMITH"},{"data":"Well Laid Plans","floor":53,"key":"SMITH"}],"neow_cost":"TEN_PERCENT_HP_LOSS","seed_source_timestamp":2022269627600,"circlet_count":0,"master_deck":["AscendersBane","Defend_G","Defend_G","Defend_G","Survivor","Neutralize+1","Blade Dance+1","Tactician+1","Blade Dance+1","Acrobatics+1","Accuracy+1","Calculated Gamble","Adrenaline","Backflip+1","Well Laid Plans+1","Deflect","A Thousand Cuts+1","After Image","Footwork+1","PiercingWail","Phantasmal Killer+1","Reflex+1","Calculated Gamble+1","Footwork"],"relics":["Ring of the Snake","White Beast Statue","Bag of Preparation","Empty Cage","Paper Crane","Regal Pillow","Mummified Hand","WristBlade","Singing Bowl","Shuriken","Letter Opener","Kunai","Bag of Marbles","Bronze Scales"],"potions_floor_usage":[5,10,20,24,30,56],"damage_taken":[{"damage":3,"enemies":"Cultist","floor":1,"turns":5},{"damage":4,"enemies":"Jaw Worm","floor":2,"turns":5},{"damage":3,"enemies":"Small Slimes","floor":3,"turns":4},{"damage":7,"enemies":"Gremlin Gang","floor":4,"turns":6},{"damage":1,"enemies":"Red Slaver","floor":5,"turns":3},{"damage":1,"enemies":"2 Fungi Beasts","floor":7,"turns":3},{"damage":10,"enemies":"Lagavulin","floor":10,"turns":5},{"damage":0,"enemies":"Exordium Thugs","floor":12,"turns":2},{"damage":0,"enemies":"Blue Slaver","floor":13,"turns":2},{"damage":1,"enemies":"3 Louse","floor":14,"turns":3},{"damage":4,"enemies":"Hexaghost","floor":16,"turns":7},{"damage":2,"enemies":"Shell Parasite","floor":18,"turns":2},{"damage":0,"enemies":"Spheric Guardian","floor":19,"turns":1},{"damage":7,"enemies":"Snake Plant","floor":20,"turns":4},{"damage":8,"enemies":"Sentry and Sphere","floor":21,"turns":5},{"damage":2,"enemies":"Book of Stabbing","floor":24,"turns":3},{"damage":0,"enemies":"Centurion and Healer","floor":29,"turns":3},{"damage":0,"enemies":"Slavers","floor":30,"turns":1},{"damage":0,"enemies":"Cultist and Chosen","floor":31,"turns":2},{"damage":11,"enemies":"Collector","floor":33,"turns":4},{"damage":0,"enemies":"Orb Walker","floor":35,"turns":2},{"damage":0,"enemies":"3 Shapes","floor":38,"turns":3},{"damage":0,"enemies":"Maw","floor":39,"turns":4},{"damage":0,"enemies":"Nemesis","floor":41,"turns":3},{"damage":0,"enemies":"Writhing Mass","floor":42,"turns":2},{"damage":0,"enemies":"Reptomancer","floor":45,"turns":2},{"damage":0,"enemies":"Transient","floor":47,"turns":5},{"damage":4,"enemies":"Maw","floor":48,"turns":3},{"damage":13,"enemies":"Donu and Deca","floor":50,"turns":4},{"damage":0,"enemies":"Time Eater","floor":51,"turns":10},{"damage":1,"enemies":"Shield and Spear","floor":55,"turns":2},{"damage":37,"enemies":"The Heart","floor":56,"turns":7}],"seed_played":"9051291247925515294","potions_obtained":[{"floor":1,"key":"AttackPotion"},{"floor":4,"key":"EssenceOfSteel"},{"floor":5,"key":"Energy Potion"},{"floor":10,"key":"GhostInAJar"},{"floor":12,"key":"CunningPotion"},{"floor":20,"key":"Strength Potion"},{"floor":24,"key":"Poison Potion"},{"floor":29,"key":"Energy Potion"},{"floor":30,"key":"SkillPotion"},{"floor":33,"key":"Strength Potion"},{"floor":38,"key":"Weak Potion"},{"floor":39,"key":"BlessingOfTheForge"},{"floor":41,"key":"FairyPotion"}],"is_trial":false,"path_per_floor":["M","M","M","M","M","R","M","R","T","E","?","M","M","M","R","B",null,"M","M","M","M","$","R","E","R","T","?","R","M","E","M","R","B",null,"M","?","$","M","M","R","E","M","T","R","E","T","M","M","R","B","B",null,"R","$","E","B",null],"character_chosen":"THE_SILENT","basemod:card_modifiers":[null,null,null,null,null,null,null,null,null,null,null,null,null,null,null,null,null,null,null,null,null,null,null,null],"items_purchased":["Shuriken","Footwork","Footwork"],"campfire_rested":0,"item_purchase_floors":[37,37,54],"current_hp_per_floor":[56,52,49,42,41,41,40,40,40,30,30,30,30,29,29,25,51,49,49,42,34,34,34,32,32,32,32,32,32,32,32,32,21,50,50,50,50,50,50,50,50,50,50,50,52,52,54,52,52,39,39,59,59,59,60,23],"gold":104,"neow_bonus":"REMOVE_TWO","is_prod":false,"is_daily":false,"chose_seed":false,"campfire_upgraded":10,"win_rate":0,"timestamp":1705765747,"path_taken":["M","M","M","?","M","R","M","R","T","E","?","M","M","M","R","BOSS","M","M","M","M","$","R","E","R","T","?","R","?","E","M","R","BOSS","M","?","$","?","M","R","E","M","T","R","E","?","M","M","R","BOSS","BOSS","R","$","E","BOSS"],"build_version":"2022-12-18","purchased_purges":2,"victory":true,"max_hp_per_floor":[60,60,60,60,60,60,60,60,60,60,60,60,60,60,60,60,60,60,60,60,60,60,60,60,60,60,60,60,60,60,60,60,60,60,60,60,60,60,60,60,60,60,60,60,62,62,64,66,66,66,66,66,66,66,68,68],"relic_stats":{"Regal Pillow":0,"Singing Bowl":8,"counters":[32,117],"Mummified Hand":[66],"Shuriken":[55],"Bronze Scales":[96],"Bag of Preparation":[50],"Letter Opener":[246],"Kunai":[37],"obtain_stats":[{"Regal Pillow":26,"Singing Bowl":36,"Bag of Preparation":10,"Letter Opener":41,"Paper Crane":24,"Empty Cage":17,"White Beast Statue":9,"WristBlade":34,"Mummified Hand":30,"Shuriken":37,"Bronze Scales":55,"Bag of Marbles":46,"Kunai":45,"Ring of the Snake":0},{"Regal Pillow":16,"Singing Bowl":21,"Bag of Preparation":7,"Letter Opener":24,"Paper Crane":16,"Empty Cage":11,"White Beast Statue":6,"WristBlade":20,"Mummified Hand":18,"Shuriken":21,"Bronze Scales":31,"Bag of Marbles":26,"Kunai":26,"Ring of the Snake":0},{"Regal Pillow":60,"Singing Bowl":72,"Bag of Preparation":31,"Letter Opener":82,"Paper Crane":60,"Empty Cage":45,"White Beast Statue":26,"WristBlade":70,"Mummified Hand":64,"Shuriken":72,"Bronze Scales":110,"Bag of Marbles":86,"Kunai":86,"Ring of the Snake":0}],"White Beast Statue":[0.0,0.0,0.0,0.4,0.0,0.6000000000000001,0.0,0.0,0.0,0.0,0.0,10.214834944000005],"Ring of the Snake":[64]},"card_choices":[{"not_picked":["Heel Hook","Poisoned Stab"],"picked":"Blade Dance","floor":1},{"not_picked":["Quick Slash","Sucker Punch"],"picked":"Tactician","floor":2},{"not_picked":["Dodge and Roll","Slice"],"picked":"Blade Dance","floor":3},{"not_picked":["Blade Dance","PiercingWail"],"picked":"Acrobatics","floor":4},{"not_picked":["Bane","Prepared","PiercingWail"],"picked":"SKIP","floor":5},{"not_picked":["Endless Agony","Flying Knee"],"picked":"Accuracy","floor":7},{"not_picked":["Corpse Explosion","Crippling Poison"],"picked":"Backstab","floor":10},{"not_picked":["Dagger Spray","Underhanded Strike","Prepared"],"picked":"SKIP","floor":12},{"not_picked":["Tactician","Acrobatics"],"picked":"Calculated Gamble","floor":13},{"not_picked":["Underhanded Strike","PiercingWail","Dodge and Roll"],"picked":"SKIP","floor":14},{"not_picked":["Bullet Time","Glass Knife"],"picked":"Adrenaline","floor":16},{"not_picked":["Footwork","Dodge and Roll+1"],"picked":"Backflip+1","floor":18},{"not_picked":["Flying Knee","Crippling Poison","Bouncing Flask"],"picked":"SKIP","floor":19},{"not_picked":["Blade Dance","Prepared"],"picked":"Well Laid Plans","floor":20},{"not_picked":["Setup","Dodge and Roll"],"picked":"Deflect","floor":21},{"not_picked":["Dodge and Roll","Quick Slash+1"],"picked":"A Thousand Cuts","floor":24},{"not_picked":["Backstab","Distraction","PiercingWail"],"picked":"SKIP","floor":29},{"not_picked":["Dagger Throw","Distraction","Accuracy"],"picked":"SKIP","floor":30},{"not_picked":["Dagger Spray+1","Backflip","PiercingWail"],"picked":"SKIP","floor":31},{"not_picked":["Envenom","Doppelganger"],"picked":"After Image","floor":33},{"not_picked":["Dagger Throw","Blade Dance+1","Slice"],"picked":"SKIP","floor":35},{"not_picked":["Prepared","Bouncing Flask+1"],"picked":"PiercingWail","floor":38},{"not_picked":["Prepared","Skewer"],"picked":"Phantasmal Killer","floor":39},{"not_picked":["Calculated Gamble+1","Tools of the Trade"],"picked":"Reflex+1","floor":41},{"not_picked":["Predator+1","Underhanded Strike"],"picked":"Calculated Gamble+1","floor":42},{"not_picked":["Blade Dance+1","Malaise","Backflip"],"picked":"Singing Bowl","floor":45},{"not_picked":["Backstab","Well Laid Plans+1","Noxious Fumes+1"],"picked":"Singing Bowl","floor":47},{"not_picked":["Masterful Stab","Quick Slash+1","Dagger Spray"],"picked":"Singing Bowl","floor":48},{"not_picked":["Deflect","PiercingWail","Underhanded Strike"],"picked":"Singing Bowl","floor":55}],"player_experience":558461,"relics_obtained":[{"floor":9,"key":"White Beast Statue"},{"floor":10,"key":"Bag of Preparation"},{"floor":24,"key":"Paper Crane"},{"floor":26,"key":"Regal Pillow"},{"floor":30,"key":"Mummified Hand"},{"floor":41,"key":"Letter Opener"},{"floor":45,"key":"Kunai"},{"floor":46,"key":"Bag of Marbles"},{"floor":55,"key":"Bronze Scales"}],"event_choices":[{"cards_removed":["Strike_G"],"damage_healed":0,"gold_gain":0,"player_choice":"Card Removal","damage_taken":0,"max_hp_gain":0,"max_hp_loss":0,"event_name":"The Cleric","floor":11,"gold_loss":75},{"cards_removed":["Defend_G"],"damage_healed":0,"gold_gain":0,"player_choice":"Purged","damage_taken":0,"max_hp_gain":0,"max_hp_loss":0,"event_name":"Purifier","floor":27,"gold_loss":0},{"damage_healed":0,"gold_gain":0,"player_choice":"Gave Potion","damage_taken":0,"relics_obtained":["Singing Bowl"],"max_hp_gain":0,"max_hp_loss":0,"event_name":"WeMeetAgain","floor":36,"gold_loss":0}],"is_beta":false,"boss_relics":[{"not_picked":["Coffee Dripper","Ring of the Serpent"],"picked":"Empty Cage"},{"not_picked":["Tiny House","Calling Bell"],"picked":"WristBlade"}],"items_purged_floors":[22,54],"is_endless":false,"potions_floor_spawned":[1,4,5,10,12,13,14,16,18,19,20,21,24,29,30,31,33,35,38,39,41,42,45,47,48,55],"ascension_level":20}