{"gold_per_floor":[115,132,147,72,72,72,101,101,101,116,134,149,149,184,184,288,288,307,307,325,94,113,139,139,164,239,239,258,293,303,303,303,401,401,413,424,474,484,484,484,509,28,76,111,121,121,137,155,155,155,155,155,64,96,96],"floor_reached":56,"playtime":2242,"items_purged":["Defend_B","Strike_B","Defend_B"],"score":1595,"play_id":"1cf5d4b8-2763-4e9e-80fc-2c228ea51407","local_time":"20240119144838","is_ascension_mode":true,"campfire_choices":[{"data":"Sweeping Beam","floor":6,"key":"SMITH"},{"data":"Doom and Gloom","floor":13,"key":"SMITH"},{"data":"Coolheaded","floor":15,"key":"SMITH"},{"data":"Defragment","floor":24,"key":"SMITH"},{"data":"Heatsinks","floor":27,"key":"SMITH"},{"data":"Turbo","floor":32,"key":"SMITH"},{"floor":40,"key":"DIG"},{"floor":49,"key":"RECALL"},{"floor":52,"key":"DIG"}],"neow_cost":"NONE","seed_source_timestamp":3578910639100,"circlet_count":0,"master_deck":["Defend_B","Defend_B","Zap","Dualcast","Cold Snap","Sweeping Beam+1","Coolheaded+1","Doom and Gloom+1","Reboot","Self Repair","Core Surge","Multi-Cast","Force Field+1","Go for the Eyes+1","Tempest+1","Undo","Loop+1","Defragment+1","Turbo+1","Echo Form","Heatsinks+1","Ball Lightning","Echo Form","Meteor Strike","Biased Cognition","Heatsinks","Coolheaded+1","Coolheaded","Double Energy+1","Amplify","Turbo","Meteor Strike","BootSequence+1","Recycle","Capacitor"],"relics":["Cracked Core","PreservedInsect","FossilizedHelix","Symbiotic Virus","StrikeDummy","Bronze Scales","Astrolabe","Art of War","Nunchaku","DataDisk","Cables","Shovel","Enchiridion","Runic Pyramid","Prayer Wheel","Gambling Chip","Peace Pipe","Orrery","Bag of Marbles","Ornamental Fan","Boot"],"potions_floor_usage":[16,22,23,23,23,25,50,55,55],"damage_taken":[{"damage":2,"enemies":"Jaw Worm","floor":1,"turns":3},{"damage":0,"enemies":"2 Louse","floor":2,"turns":3},{"damage":2,"enemies":"Small Slimes","floor":3,"turns":3},{"damage":3,"enemies":"3 Sentries","floor":7,"turns":4},{"damage":2,"enemies":"Gremlin Gang","floor":10,"turns":3},{"damage":0,"enemies":"2 Fungi Beasts","floor":11,"turns":3},{"damage":0,"enemies":"Exordium Wildlife","floor":12,"turns":4},{"damage":0,"enemies":"Gremlin Nob","floor":14,"turns":2},{"damage":36,"enemies":"The Guardian","floor":16,"turns":9},{"damage":0,"enemies":"Chosen","floor":18,"turns":4},{"damage":2,"enemies":"Shell Parasite","floor":20,"turns":5},{"damage":12,"enemies":"Centurion and Healer","floor":22,"turns":6},{"damage":4,"enemies":"Book of Stabbing","floor":23,"turns":3},{"damage":35,"enemies":"Slavers","floor":25,"turns":3},{"damage":0,"enemies":"Snecko","floor":28,"turns":4},{"damage":0,"enemies":"Gremlin Leader","floor":29,"turns":6},{"damage":9,"enemies":"Snake Plant","floor":30,"turns":4},{"damage":0,"enemies":"Champ","floor":33,"turns":8},{"damage":0,"enemies":"Orb Walker","floor":35,"turns":3},{"damage":0,"enemies":"3 Shapes","floor":36,"turns":4},{"damage":10,"enemies":"Mind Bloom Boss Battle","floor":37,"turns":5},{"damage":20,"enemies":"Jaw Worm Horde","floor":38,"turns":3},{"damage":28,"enemies":"Reptomancer","floor":41,"turns":8},{"damage":14,"enemies":"Giant Head","floor":44,"turns":6},{"damage":11,"enemies":"4 Shapes","floor":45,"turns":5},{"damage":28,"enemies":"Writhing Mass","floor":47,"turns":4},{"damage":0,"enemies":"3 Darklings","floor":48,"turns":3},{"damage":3,"enemies":"Awakened One","floor":50,"turns":12},{"damage":0,"enemies":"Shield and Spear","floor":54,"turns":5},{"damage":17,"enemies":"The Heart","floor":55,"turns":8}],"seed_played":"-8568508629109640068","potions_obtained":[{"floor":3,"key":"EntropicBrew"},{"floor":7,"key":"Explosive Potion"},{"floor":11,"key":"FearPotion"},{"floor":12,"key":"PotionOfCapacity"},{"floor":18,"key":"Fire Potion"},{"floor":25,"key":"EssenceOfDarkness"},{"floor":30,"key":"SteroidPotion"},{"floor":33,"key":"GamblersBrew"},{"floor":36,"key":"DuplicationPotion"}],"is_trial":false,"path_per_floor":["M","M","M","$","?","R","E","?","T","M","M","M","R","E","R","B",null,"M","?","M","$","M","E","R","E","T","R","M","E","M","?","R","B",null,"M","M","?","M","?","R","E","$","T","E","M","$","M","M","R","B",null,"R","$","E","B",null],"character_chosen":"DEFECT","basemod:card_modifiers":[null,null,null,null,null,null,null,null,null,null,null,null,null,null,null,null,null,null,null,null,null,null,null,null,null,null,null,null,null,null,null,null,null,null,null],"items_purchased":["Defragment","Turbo","Heatsinks","Orrery","Turbo","Meteor Strike","Capacitor","Swift Potion"],"campfire_rested":0,"item_purchase_floors":[21,21,42,42,42,42,53,53],"current_hp_per_floor":[73,73,71,71,59,59,56,61,61,59,59,59,59,59,59,30,80,80,80,78,78,73,69,69,41,41,41,48,55,53,37,37,44,80,80,80,77,64,64,64,43,43,43,43,46,46,25,25,25,29,80,80,80,80,77],"gold":96,"neow_bonus":"RANDOM_COMMON_RELIC","is_prod":false,"is_daily":false,"chose_seed":false,"campfire_upgraded":6,"win_rate":0,"timestamp":1705643318,"path_taken":["M","M","M","$","?","R","E","?","T","M","M","M","R","E","R","BOSS","M","?","M","$","?","E","R","E","T","R","M","E","M","?","R","BOSS","M","M","?","M","?","R","E","$","T","E","M","$","M","M","R","BOSS","R","$","E","BOSS"],"build_version":"2022-12-18","purchased_purges":3,"victory":true,"max_hp_per_floor":[75,75,75,75,75,75,75,80,80,80,80,80,80,80,80,80,80,80,80,80,80,80,80,80,80,80,80,80,80,80,80,80,80,80,80,80,80,80,80,80,80,80,80,80,80,80,80,80,80,80,80,80,80,80,80],"relic_stats":{"counters":[30,143],"Astrolabe":["Force Field","Go for the Eyes","Tempest"],"PreservedInsect":430,"Boot":[6],"Cables":[77,30,21,17,9],"Peace Pipe":0,"Nunchaku":[14],"Shovel":2,"Ornamental Fan":[24],"Bronze Scales":[454],"Gambling Chip":[33],"Prayer Wheel":4,"Art of War":[21],"obtain_stats":[{"Astrolabe":17,"Enchiridion":31,"PreservedInsect":0,"Boot":54,"Cables":26,"Peace Pipe":41,"Nunchaku":23,"DataDisk":25,"Shovel":29,"Ornamental Fan":52,"Bronze Scales":14,"Gambling Chip":40,"Orrery":42,"Prayer Wheel":37,"Art of War":19,"Bag of Marbles":44,"Cracked Core":0,"Symbiotic Virus":7,"StrikeDummy":9,"FossilizedHelix":5,"Runic Pyramid":34},{"Astrolabe":9,"Enchiridion":17,"PreservedInsect":0,"Boot":29,"Cables":14,"Peace Pipe":23,"Nunchaku":13,"DataDisk":14,"Shovel":16,"Ornamental Fan":28,"Bronze Scales":8,"Gambling Chip":22,"Orrery":23,"Prayer Wheel":21,"Art of War":10,"Bag of Marbles":24,"Cracked Core":0,"Symbiotic Virus":4,"StrikeDummy":4,"FossilizedHelix":3,"Runic Pyramid":18},{"Astrolabe":34,"Enchiridion":69,"PreservedInsect":0,"Boot":135,"Cables":55,"Peace Pipe":100,"Nunchaku":52,"DataDisk":55,"Shovel":65,"Ornamental Fan":130,"Bronze Scales":25,"Gambling Chip":92,"Orrery":100,"Prayer Wheel":89,"Art of War":38,"Bag of Marbles":106,"Cracked Core":0,"Symbiotic Virus":13,"StrikeDummy":13,"FossilizedHelix":9,"Runic Pyramid":77}],"FossilizedHelix":[152]},"card_choices":[{"not_picked":["Streamline","Self Repair"],"picked":"Cold Snap","floor":1},{"not_picked":["Reinforced Body","Rebound"],"picked":"Sweeping Beam","floor":2},{"not_picked":["Conserve Battery","Turbo","Sweeping Beam"],"picked":"SKIP","floor":3},{"not_picked":["Gash","Steam Power"],"picked":"Coolheaded","floor":7},{"not_picked":["Streamline","Loop"],"picked":"Doom and Gloom","floor":10},{"not_picked":["Go for the Eyes","Leap"],"picked":"Reboot","floor":11},{"not_picked":["Go for the Eyes","Conserve Battery"],"picked":"Self Repair","floor":12},{"not_picked":["Redo","Loop"],"picked":"Core Surge","floor":14},{"not_picked":["Rainbow","Machine Learning"],"picked":"Multi-Cast","floor":16},{"not_picked":["Streamline","Cold Snap"],"picked":"Undo","floor":18},{"not_picked":["Streamline","Gash"],"picked":"Loop+1","floor":20},{"not_picked":["Steam","Gash"],"picked":"Echo Form","floor":22},{"not_picked":["Sweeping Beam","Beam Cell+1","Redo"],"picked":"SKIP","floor":23},{"not_picked":["Ball Lightning","Defragment+1"],"picked":"Heatsinks","floor":25},{"not_picked":["Loop","Streamline","Leap"],"picked":"SKIP","floor":28},{"not_picked":["Darkness","Beam Cell"],"picked":"Ball Lightning","floor":29},{"not_picked":["Scrape","Undo"],"picked":"Echo Form","floor":30},{"not_picked":["Fission","Hyperbeam"],"picked":"Meteor Strike","floor":33},{"not_picked":["Steam+1","Stack+1","Streamline+1"],"picked":"SKIP","floor":35},{"not_picked":["Conserve Battery","Chaos+1","Cold Snap+1"],"picked":"SKIP","floor":36},{"not_picked":["Reprogram","Rebound+1"],"picked":"Hologram","floor":38},{"not_picked":["Blizzard","Loop","Doom and Gloom+1"],"picked":"SKIP","floor":38},{"not_picked":["Capacitor+1","Sweeping Beam"],"picked":"Biased Cognition","floor":41},{"not_picked":["Compile Driver","Sweeping Beam"],"picked":"Coolheaded+1","floor":42},{"not_picked":["Cold Snap+1","Sweeping Beam+1"],"picked":"Coolheaded","floor":42},{"not_picked":["Darkness+1","Scrape"],"picked":"Double Energy+1","floor":42},{"not_picked":["Lockon+1","FTL"],"picked":"Amplify","floor":42},{"not_picked":["White Noise+1","Coolheaded","Streamline+1"],"picked":"SKIP","floor":44},{"not_picked":["Redo","Chill"],"picked":"BootSequence+1","floor":45},{"not_picked":["Ball Lightning","White Noise","Rebound"],"picked":"SKIP","floor":45},{"not_picked":["Darkness","Go for the Eyes"],"picked":"Recycle","floor":47},{"not_picked":["Fusion","Barrage","Hello World"],"picked":"SKIP","floor":47},{"not_picked":["Streamline","Reinforced Body+1","Undo+1"],"picked":"SKIP","floor":48},{"not_picked":["Leap+1","Gash","Doom and Gloom"],"picked":"SKIP","floor":48},{"not_picked":["Redo+1","Genetic Algorithm","Thunder Strike"],"picked":"SKIP","floor":54}],"player_experience":554883,"relics_obtained":[{"floor":7,"key":"Symbiotic Virus"},{"floor":9,"key":"StrikeDummy"},{"floor":14,"key":"Bronze Scales"},{"floor":19,"key":"Art of War"},{"floor":23,"key":"Nunchaku"},{"floor":25,"key":"DataDisk"},{"floor":26,"key":"Cables"},{"floor":29,"key":"Shovel"},{"floor":31,"key":"Enchiridion"},{"floor":37,"key":"Prayer Wheel"},{"floor":40,"key":"Gambling Chip"},{"floor":41,"key":"Peace Pipe"},{"floor":44,"key":"Bag of Marbles"},{"floor":52,"key":"Ornamental Fan"},{"floor":54,"key":"Boot"}],"event_choices":[{"damage_healed":0,"gold_gain":0,"player_choice":"Success","damage_taken":12,"relics_obtained":["FossilizedHelix"],"max_hp_gain":0,"max_hp_loss":0,"event_name":"Scrap Ooze","floor":5,"gold_loss":0},{"damage_healed":0,"gold_gain":0,"player_choice":"Donut","damage_taken":0,"max_hp_gain":5,"max_hp_loss":0,"event_name":"Big Fish","floor":8,"gold_loss":0},{"damage_healed":0,"gold_gain":0,"player_choice":"Relic","damage_taken":0,"max_hp_gain":0,"max_hp_loss":0,"event_name":"Wheel of Change","floor":19,"gold_loss":0},{"damage_healed":0,"gold_gain":0,"player_choice":"Obtained Book","damage_taken":16,"max_hp_gain":0,"max_hp_loss":0,"event_name":"Cursed Tome","floor":31,"gold_loss":0},{"damage_healed":0,"gold_gain":0,"player_choice":"Fight","damage_taken":0,"max_hp_gain":0,"max_hp_loss":0,"event_name":"MindBloom","floor":37,"gold_loss":0},{"cards_removed":["Hologram"],"damage_healed":0,"gold_gain":0,"player_choice":"Removed Skill","damage_taken":0,"max_hp_gain":0,"max_hp_loss":0,"event_name":"Falling","floor":39,"gold_loss":0}],"is_beta":false,"boss_relics":[{"not_picked":["Cursed Key","Fusion Hammer"],"picked":"Astrolabe"},{"not_picked":["Philosopher\u0027s Stone","Busted Crown"],"picked":"Runic Pyramid"}],"items_purged_floors":[4,21,42],"is_endless":false,"potions_floor_spawned":[3,7,11,12,18,20,25,30,33,35,36,48],"ascension_level":3}