{"gold_per_floor":[119,119,129,79,4,4,32,107,132,167,88,88,117,131,131,233,233,252,262,262,162,174,203,228,228,228,261,280,313,313,325,325,428,428,440,455,467,159,179,179,213,213,213,244,258,287,299,311,323,335,347,359,23,54,54],"floor_reached":56,"playtime":1906,"items_purged":["Strike_P","Strike_P","Fasting2"],"score":1892,"play_id":"8798bbfe-4dea-4a13-b4a4-93522040a2b0","local_time":"20240123174836","is_ascension_mode":true,"campfire_choices":[{"data":"Eruption","floor":6,"key":"SMITH"},{"data":"EmptyFist","floor":12,"key":"SMITH"},{"data":"Adaptation","floor":15,"key":"SMITH"},{"data":"CrushJoints","floor":25,"key":"SMITH"},{"floor":30,"key":"RECALL"},{"data":"Vigilance","floor":32,"key":"SMITH"},{"data":"JustLucky","floor":40,"key":"SMITH"},{"data":"CarveReality","floor":42,"key":"SMITH"},{"floor":49,"key":"REST"},{"floor":52,"key":"REST"}],"neow_cost":"NONE","seed_source_timestamp":2975079552500,"circlet_count":0,"master_deck":["Eruption+1","Vigilance+1","Tantrum+1","CarveReality+1","EmptyFist+1","CrushJoints+1","Adaptation+1","Prostrate+1","Vault+1","ForeignInfluence+1","ClearTheMind+1","Ghostly+1","Ghostly+1","Ghostly+1","Ghostly+1","Ghostly+1","EmptyMind+1","Sanctity+1","DeceiveReality+1","JustLucky+1","Vengeance+1","Halt+1","TalkToTheHand"],"relics":["PureWater","NeowsBlessing","Bag of Marbles","Whetstone","Anchor","StrikeDummy","Toxic Egg 2","SlaversCollar","Art of War","Smiling Mask","Mercury Hourglass","Akabeko","Strawberry","Pandora\u0027s Box","Gremlin Horn","Ancient Tea Set","Bag of Preparation","MawBank","Membership Card","Happy Flower","Yang","HornCleat"],"potions_floor_usage":[55,55,55],"damage_taken":[{"damage":0,"enemies":"Small Slimes","floor":1,"turns":1},{"damage":0,"enemies":"Cultist","floor":3,"turns":1},{"damage":0,"enemies":"3 Sentries","floor":7,"turns":1},{"damage":16,"enemies":"Gremlin Nob","floor":10,"turns":3},{"damage":2,"enemies":"3 Sentries","floor":13,"turns":3},{"damage":0,"enemies":"Jaw Worm","floor":14,"turns":2},{"damage":33,"enemies":"The Guardian","floor":16,"turns":10},{"damage":0,"enemies":"Chosen","floor":18,"turns":2},{"damage":0,"enemies":"2 Thieves","floor":19,"turns":2},{"damage":3,"enemies":"Snake Plant","floor":22,"turns":4},{"damage":3,"enemies":"Book of Stabbing","floor":23,"turns":4},{"damage":0,"enemies":"Gremlin Leader","floor":27,"turns":2},{"damage":1,"enemies":"Centurion and Healer","floor":28,"turns":4},{"damage":0,"enemies":"Slavers","floor":29,"turns":3},{"damage":0,"enemies":"Snecko","floor":31,"turns":4},{"damage":9,"enemies":"Collector","floor":33,"turns":5},{"damage":0,"enemies":"3 Shapes","floor":35,"turns":5},{"damage":0,"enemies":"3 Darklings","floor":36,"turns":7},{"damage":0,"enemies":"4 Shapes","floor":37,"turns":5},{"damage":0,"enemies":"Sphere and 2 Shapes","floor":39,"turns":3},{"damage":0,"enemies":"Giant Head","floor":41,"turns":6},{"damage":0,"enemies":"Reptomancer","floor":44,"turns":4},{"damage":0,"enemies":"Jaw Worm Horde","floor":45,"turns":2},{"damage":0,"enemies":"Giant Head","floor":46,"turns":5},{"damage":1,"enemies":"Time Eater","floor":50,"turns":9},{"damage":3,"enemies":"Shield and Spear","floor":54,"turns":7},{"damage":33,"enemies":"The Heart","floor":55,"turns":11}],"seed_played":"-5238060444574955723","potions_obtained":[{"floor":1,"key":"SteroidPotion"},{"floor":10,"key":"Ancient Potion"},{"floor":16,"key":"DistilledChaos"},{"floor":22,"key":"AttackPotion"},{"floor":46,"key":"Energy Potion"}],"is_trial":false,"path_per_floor":["M","?","M","?","$","R","E","?","T","E","$","R","E","M","R","B",null,"M","M","?","$","M","E","T","R","T","E","M","E","R","M","R","B",null,"M","M","M","$","M","R","E","R","T","E","M","E","?","?","R","B",null,"R","$","E","B",null],"character_chosen":"WATCHER","basemod:card_modifiers":[null,null,null,null,null,null,null,null,null,null,null,null,null,null,null,null,null,null,null,null,null,null,null],"items_purchased":["Adaptation","Gremlin Horn","Membership Card","Happy Flower","Yang"],"campfire_rested":2,"item_purchase_floors":[11,38,53,53,53],"current_hp_per_floor":[65,65,65,65,65,65,65,54,54,38,38,38,36,36,36,3,55,55,55,36,36,33,30,30,30,30,30,29,36,36,36,36,27,39,39,39,39,39,39,39,39,39,39,39,39,39,39,39,43,42,43,43,43,40,7],"gold":54,"neow_bonus":"THREE_ENEMY_KILL","is_prod":false,"is_daily":false,"chose_seed":false,"campfire_upgraded":7,"win_rate":0,"timestamp":1705999716,"path_taken":["M","?","?","?","?","R","E","?","T","E","$","R","E","M","R","BOSS","M","M","?","?","M","E","?","R","T","E","M","E","R","M","R","BOSS","M","M","M","$","M","R","E","R","T","E","M","E","?","?","R","BOSS","R","$","E","BOSS"],"build_version":"2022-12-18","purchased_purges":3,"victory":true,"max_hp_per_floor":[72,72,72,72,72,72,72,72,72,72,72,72,72,72,72,72,72,72,72,36,36,36,36,36,36,36,36,36,43,43,43,43,43,43,43,43,43,43,43,43,43,43,43,43,43,43,43,43,43,43,43,43,43,43,43],"relic_stats":{"Gremlin Horn":[8,9],"Happy Flower":[6],"counters":[27,115],"Yang":[50],"Bag of Preparation":[10],"Whetstone":["Strike_P","Tantrum"],"Smiling Mask":75,"Ancient Tea Set":[6],"MawBank":84,"Mercury Hourglass":[342],"Pandora\u0027s Box":["Fasting2","Sanctity","DeceiveReality","JustLucky","Vengeance"],"Art of War":[13],"Membership Card":194,"PureWater":[19],"obtain_stats":[{"NeowsBlessing":0,"Gremlin Horn":38,"Happy Flower":53,"Yang":53,"Bag of Preparation":44,"Whetstone":7,"Smiling Mask":24,"Ancient Tea Set":41,"MawBank":46,"Akabeko":27,"Mercury Hourglass":26,"SlaversCollar":17,"Anchor":9,"HornCleat":54,"Strawberry":29,"Pandora\u0027s Box":34,"Bag of Marbles":2,"Art of War":23,"Membership Card":53,"PureWater":0,"Toxic Egg 2":13,"StrikeDummy":10},{"NeowsBlessing":0,"Gremlin Horn":19,"Happy Flower":25,"Yang":25,"Bag of Preparation":22,"Whetstone":3,"Smiling Mask":11,"Ancient Tea Set":21,"MawBank":24,"Akabeko":12,"Mercury Hourglass":11,"SlaversCollar":7,"Anchor":3,"HornCleat":26,"Strawberry":14,"Pandora\u0027s Box":16,"Bag of Marbles":1,"Art of War":11,"Membership Card":25,"PureWater":0,"Toxic Egg 2":5,"StrikeDummy":4},{"NeowsBlessing":0,"Gremlin Horn":68,"Happy Flower":97,"Yang":97,"Bag of Preparation":81,"Whetstone":3,"Smiling Mask":33,"Ancient Tea Set":77,"MawBank":88,"Akabeko":35,"Mercury Hourglass":33,"SlaversCollar":21,"Anchor":3,"HornCleat":104,"Strawberry":42,"Pandora\u0027s Box":51,"Bag of Marbles":1,"Art of War":33,"Membership Card":97,"PureWater":0,"Toxic Egg 2":9,"StrikeDummy":6}]},"card_choices":[{"not_picked":["Weave","WreathOfFlame"],"picked":"Tantrum","floor":1},{"not_picked":["Meditate","FollowUp"],"picked":"CarveReality","floor":3},{"not_picked":["Crescendo","Omniscience"],"picked":"EmptyFist","floor":7},{"not_picked":["Consecrate","ThirdEye"],"picked":"CrushJoints","floor":10},{"not_picked":["ClearTheMind+1","Perseverance+1"],"picked":"Prostrate+1","floor":13},{"not_picked":["Crescendo+1","Collect+1","Consecrate"],"picked":"SKIP","floor":14},{"not_picked":["ConjureBlade+1","MasterReality"],"picked":"Vault+1","floor":16},{"not_picked":["BowlingBash","CrushJoints"],"picked":"ForeignInfluence+1","floor":18},{"not_picked":["SashWhip+1","PathToVictory+1"],"picked":"ClearTheMind+1","floor":19},{"not_picked":["Consecrate","ThirdEye+1"],"picked":"EmptyMind+1","floor":22},{"not_picked":["Fasting2","ThirdEye+1","CutThroughFate"],"picked":"SKIP","floor":23},{"not_picked":["ThirdEye+1","CrushJoints+1","CutThroughFate+1"],"picked":"SKIP","floor":27},{"not_picked":["SandsOfTime","FlyingSleeves+1","Vengeance+1"],"picked":"SKIP","floor":28},{"not_picked":["EmptyBody+1","CarveReality","WindmillStrike"],"picked":"SKIP","floor":29},{"not_picked":["Crescendo+1","Study+1","Indignation+1"],"picked":"SKIP","floor":31},{"not_picked":["EmptyFist+1","DeceiveReality+1","CutThroughFate"],"picked":"SKIP","floor":35},{"not_picked":["JustLucky+1","FlyingSleeves+1","DeceiveReality+1"],"picked":"SKIP","floor":36},{"not_picked":["ClearTheMind+1","Wireheading+1","SignatureMove+1"],"picked":"SKIP","floor":37},{"not_picked":["Evaluate+1","DeceiveReality+1","ClearTheMind+1"],"picked":"SKIP","floor":39},{"not_picked":["EmptyBody+1","Crescendo+1","Consecrate+1"],"picked":"SKIP","floor":41},{"not_picked":["Weave","ThirdEye+1","FlyingSleeves+1"],"picked":"SKIP","floor":44},{"not_picked":["Collect+1","PathToVictory+1"],"picked":"Halt+1","floor":45},{"not_picked":["Swivel+1","FlyingSleeves","Perseverance+1"],"picked":"SKIP","floor":46},{"not_picked":["Vault+1","Ragnarok"],"picked":"TalkToTheHand","floor":54}],"player_experience":566179,"relics_obtained":[{"floor":7,"key":"Whetstone"},{"floor":9,"key":"Anchor"},{"floor":10,"key":"StrikeDummy"},{"floor":13,"key":"Toxic Egg 2"},{"floor":23,"key":"Art of War"},{"floor":24,"key":"Smiling Mask"},{"floor":26,"key":"Mercury Hourglass"},{"floor":27,"key":"Akabeko"},{"floor":29,"key":"Strawberry"},{"floor":41,"key":"Ancient Tea Set"},{"floor":44,"key":"Bag of Preparation"},{"floor":46,"key":"MawBank"},{"floor":54,"key":"HornCleat"}],"event_choices":[{"damage_healed":0,"gold_gain":0,"player_choice":"Gave Potion","damage_taken":0,"relics_obtained":["Bag of Marbles"],"max_hp_gain":0,"max_hp_loss":0,"event_name":"WeMeetAgain","floor":2,"gold_loss":0},{"cards_removed":["Strike_P"],"damage_healed":0,"gold_gain":0,"player_choice":"Card Removal","damage_taken":0,"max_hp_gain":0,"max_hp_loss":0,"event_name":"The Cleric","floor":4,"gold_loss":50},{"damage_healed":0,"gold_gain":75,"player_choice":"Gather Gold","damage_taken":11,"max_hp_gain":0,"max_hp_loss":0,"event_name":"World of Goop","floor":8,"gold_loss":0},{"damage_healed":0,"gold_gain":0,"player_choice":"Became a Ghost","damage_taken":0,"max_hp_gain":0,"max_hp_loss":36,"event_name":"Ghosts","floor":20,"gold_loss":0,"cards_obtained":["Ghostly","Ghostly","Ghostly","Ghostly","Ghostly"]},{"damage_healed":0,"gold_gain":0,"player_choice":"Ignored","damage_taken":0,"max_hp_gain":0,"max_hp_loss":0,"event_name":"Tomb of Lord Red Mask","floor":47,"gold_loss":0},{"damage_healed":0,"gold_gain":0,"player_choice":"Got Potions","damage_taken":0,"max_hp_gain":0,"max_hp_loss":0,"event_name":"Lab","floor":48,"gold_loss":0}],"is_beta":false,"boss_relics":[{"not_picked":["Tiny House","SacredBark"],"picked":"SlaversCollar"},{"not_picked":["Empty Cage","HolyWater"],"picked":"Pandora\u0027s Box"}],"items_purged_floors":[5,21,38],"is_endless":false,"potions_floor_spawned":[1,10,16,22,28,33,37,46,54],"ascension_level":7}