{"gold_per_floor":[109,59,59,75,75,110,122,148,187,199,232,257,289,372,384,521,533,561,100,116,41,61,61,99,99,99,99,115,15,40,78,78,208,208,223,286,302,327,327,371,371,395,419,454,514,558,579,615,615,615,615,615,43,87,87],"floor_reached":56,"playtime":2242,"items_purged":["Strike_B","Zap","Defend_B"],"score":1515,"play_id":"c81dfb33-2e8f-43b0-83af-0e7198fcf9a0","local_time":"20240118220850","is_ascension_mode":true,"campfire_choices":[{"floor":7.0,"key":"REST"},{"data":"Coolheaded","floor":10.0,"key":"SMITH"},{"data":"Consume","floor":15.0,"key":"SMITH"},{"floor":23.0,"key":"REST"},{"data":"Biased Cognition","floor":25.0,"key":"SMITH"},{"data":"Dualcast","floor":27.0,"key":"SMITH"},{"data":"Loop","floor":32.0,"key":"SMITH"},{"data":"Buffer","floor":41.0,"key":"SMITH"},{"floor":49.0,"key":"RECALL"},{"data":"Turbo","floor":52.0,"key":"SMITH"}],"neow_cost":"TEN_PERCENT_HP_LOSS","seed_source_timestamp":4173088465600,"circlet_count":0,"master_deck":["Defend_B","Dualcast+1","Coolheaded+1","Rip and Tear+1","Compile Driver+1","Turbo+1","Ball Lightning","Consume+1","Cold Snap","Turbo+1","Biased Cognition+1","Chaos+1","Coolheaded+1","Loop+1","Core Surge","Glacier","Buffer+1","Tempest+1","Hologram+1","Skim"],"special_seed":0,"relics":["Cracked Core","Golden Idol","MawBank","Whetstone","Akabeko","Philosopher\u0027s Stone","Gremlin Horn","Medical Kit","White Beast Statue","Ornamental Fan","Eternal Feather","Inserter","WingedGreaves","Strawberry","Smiling Mask","StoneCalendar","Prayer Wheel","Nunchaku","Centennial Puzzle","Letter Opener","Happy Flower"],"potions_floor_usage":[54,55,55,55],"damage_taken":[{"damage":4.0,"enemies":"Small Slimes","floor":1.0,"turns":3.0},{"damage":1.0,"enemies":"2 Louse","floor":4.0,"turns":3.0},{"damage":25.0,"enemies":"Lagavulin","floor":6.0,"turns":7.0},{"damage":1.0,"enemies":"Cultist","floor":8.0,"turns":3.0},{"damage":1.0,"enemies":"Looter","floor":11.0,"turns":2.0},{"damage":1.0,"enemies":"2 Fungi Beasts","floor":12.0,"turns":2.0},{"damage":0.0,"enemies":"Exordium Wildlife","floor":13.0,"turns":2.0},{"damage":0.0,"enemies":"Gremlin Nob","floor":14.0,"turns":2.0},{"damage":5.0,"enemies":"Hexaghost","floor":16.0,"turns":7.0},{"damage":24.0,"enemies":"2 Thieves","floor":18.0,"turns":2.0},{"damage":7.0,"enemies":"Spheric Guardian","floor":20.0,"turns":3.0},{"damage":15.0,"enemies":"Centurion and Healer","floor":22.0,"turns":4.0},{"damage":5.0,"enemies":"Slavers","floor":24.0,"turns":5.0},{"damage":0.0,"enemies":"Chosen and Byrds","floor":28.0,"turns":3.0},{"damage":5.0,"enemies":"Snecko","floor":30.0,"turns":3.0},{"damage":0.0,"enemies":"Gremlin Leader","floor":31.0,"turns":5.0},{"damage":12.0,"enemies":"Automaton","floor":33.0,"turns":7.0},{"damage":18.0,"enemies":"3 Darklings","floor":35.0,"turns":4.0},{"damage":0.0,"enemies":"Mind Bloom Boss Battle","floor":36.0,"turns":7.0},{"damage":2.0,"enemies":"3 Shapes","floor":37.0,"turns":4.0},{"damage":1.0,"enemies":"Maw","floor":38.0,"turns":5.0},{"damage":3.0,"enemies":"Giant Head","floor":40.0,"turns":10.0},{"damage":0.0,"enemies":"Transient","floor":42.0,"turns":5.0},{"damage":20.0,"enemies":"Nemesis","floor":44.0,"turns":11.0},{"damage":38.0,"enemies":"2 Orb Walkers","floor":45.0,"turns":4.0},{"damage":0.0,"enemies":"Reptomancer","floor":46.0,"turns":6.0},{"damage":7.0,"enemies":"Writhing Mass","floor":47.0,"turns":6.0},{"damage":1.0,"enemies":"Nemesis","floor":48.0,"turns":7.0},{"damage":0.0,"enemies":"Time Eater","floor":50.0,"turns":14.0},{"damage":11,"enemies":"Shield and Spear","floor":54,"turns":4},{"damage":46,"enemies":"The Heart","floor":55,"turns":9}],"seed_played":"-8133103155224137207","potions_obtained":[{"floor":6.0,"key":"SneckoOil"},{"floor":8.0,"key":"Block Potion"},{"floor":12.0,"key":"Fire Potion"},{"floor":14.0,"key":"SkillPotion"},{"floor":16.0,"key":"Swift Potion"},{"floor":18.0,"key":"Fire Potion"},{"floor":20.0,"key":"DuplicationPotion"},{"floor":28.0,"key":"PotionOfCapacity"},{"floor":31.0,"key":"FairyPotion"},{"floor":33.0,"key":"Swift Potion"},{"floor":35.0,"key":"DuplicationPotion"},{"floor":38.0,"key":"Ancient Potion"},{"floor":45.0,"key":"LiquidBronze"},{"floor":47.0,"key":"SpeedPotion"},{"floor":54,"key":"Swift Potion"}],"is_trial":false,"path_per_floor":["M","?","?","M","?","E","R","M","T","R","M","M","M","?","R","B",null,"M","$","M","?","M","R","E","R","T","R","M","$","M","E","R","B",null,"M","?","M","M","?","E","R","M","T","E","?","E","M","E","R","B",null,"R","$","E","B",null],"character_chosen":"DEFECT","basemod:card_modifiers":[null,null,null,null,null,null,null,null,null,null,null,null,null,null,null,null,null,null,null,null],"items_purchased":["Gremlin Horn","Medical Kit","Centennial Puzzle","FocusPotion","GamblersBrew","Letter Opener"],"campfire_rested":2,"item_purchase_floors":[19,19,53,53,53,53],"current_hp_per_floor":[64,64,64,63,46,21,41,40,40,40,39,38,38,38,38,33,68,44,44,37,37,22,42,37,37,37,37,37,37,32,32,41,29,68,50,50,48,47,47,51,60,60,60,40,2,2,22,21,33,33,75,75,75,64,18],"gold":87,"neow_bonus":"REMOVE_TWO","is_prod":false,"is_daily":false,"chose_seed":false,"campfire_upgraded":7,"win_rate":0,"timestamp":1705583330,"path_taken":["M","?","?","?","?","E","R","M","T","R","M","M","M","?","R","BOSS","M","$","M","?","M","R","E","R","T","R","M","$","M","E","R","BOSS","M","?","M","M","?","E","R","M","T","E","?","E","M","E","R","BOSS","R","$","E","BOSS"],"build_version":"2022-12-18","purchased_purges":3,"victory":true,"max_hp_per_floor":[68,68,68,68,68,68,68,68,68,68,68,68,68,68,68,68,68,68,68,68,68,68,68,68,68,68,68,68,68,68,68,68,68,68,68,68,68,68,68,75,75,75,75,75,75,75,75,75,75,75,75,75,75,75,75],"relic_stats":{"Inserter":[48],"Gremlin Horn":[20,20],"Happy Flower":[3],"counters":[31,159],"Golden Idol":263,"Eternal Feather":30,"StoneCalendar":[104],"Whetstone":["Rip and Tear","Compile Driver"],"Letter Opener":[105],"MawBank":156,"Medical Kit":[34],"Smiling Mask":75,"White Beast Statue":[0.0,0.0,0.0,0.4,0.0,0.6000000000000001,0.0,0.0,0.0,0.0,0.0,7.147749672960003],"Nunchaku":[3],"Centennial Puzzle":[6],"Ornamental Fan":[92],"Prayer Wheel":1,"WingedGreaves":3,"obtain_stats":[{"Inserter":34,"Gremlin Horn":19,"Happy Flower":54,"Golden Idol":5,"Eternal Feather":31,"StoneCalendar":45,"Whetstone":9,"Letter Opener":53,"MawBank":6,"Medical Kit":19,"Smiling Mask":44,"Akabeko":14,"White Beast Statue":24,"Nunchaku":48,"Centennial Puzzle":53,"Ornamental Fan":26,"Strawberry":40,"Philosopher\u0027s Stone":17,"Prayer Wheel":46,"WingedGreaves":36,"Cracked Core":0},{"Inserter":17,"Gremlin Horn":10,"Happy Flower":30,"Golden Idol":2,"Eternal Feather":16,"StoneCalendar":25,"Whetstone":4,"Letter Opener":29,"MawBank":3,"Medical Kit":10,"Smiling Mask":24,"Akabeko":8,"White Beast Statue":13,"Nunchaku":28,"Centennial Puzzle":29,"Ornamental Fan":13,"Strawberry":22,"Philosopher\u0027s Stone":9,"Prayer Wheel":26,"WingedGreaves":19,"Cracked Core":0},{"Inserter":63,"Gremlin Horn":33,"Happy Flower":150,"Golden Idol":6,"Eternal Feather":56,"StoneCalendar":113,"Whetstone":16,"Letter Opener":146,"MawBank":13,"Medical Kit":33,"Smiling Mask":109,"Akabeko":24,"White Beast Statue":45,"Nunchaku":132,"Centennial Puzzle":146,"Ornamental Fan":45,"Strawberry":93,"Philosopher\u0027s Stone":31,"Prayer Wheel":119,"WingedGreaves":74,"Cracked Core":0}]},"card_choices":[{"not_picked":["Undo","Redo"],"picked":"Coolheaded","floor":1.0},{"not_picked":["Recycle","Barrage"],"picked":"Rip and Tear","floor":4.0},{"not_picked":["Hologram","Thunder Strike","Redo"],"picked":"SKIP","floor":6.0},{"not_picked":["Genetic Algorithm","Steam"],"picked":"Compile Driver","floor":8.0},{"not_picked":["Tempest","Hologram"],"picked":"Turbo","floor":11.0},{"not_picked":["Coolheaded","Reprogram"],"picked":"Ball Lightning","floor":12.0},{"not_picked":["Rip and Tear","Self Repair"],"picked":"Consume","floor":13.0},{"not_picked":["Gash","Lockon"],"picked":"Cold Snap","floor":18.0},{"not_picked":["Ball Lightning+1","Storm"],"picked":"Turbo+1","floor":20.0},{"not_picked":["Ball Lightning","Blizzard","Static Discharge"],"picked":"SKIP","floor":22.0},{"not_picked":["Barrage","Rip and Tear"],"picked":"Biased Cognition","floor":24.0},{"not_picked":["Beam Cell","Sweeping Beam"],"picked":"Chaos+1","floor":28.0},{"not_picked":["Leap","Auto Shields"],"picked":"Coolheaded+1","floor":30.0},{"not_picked":["Rebound","Chill"],"picked":"Loop","floor":31.0},{"not_picked":["Reboot","Electrodynamics"],"picked":"Core Surge","floor":33.0},{"not_picked":["Conserve Battery","Darkness+1","Beam Cell"],"picked":"SKIP","floor":35.0},{"not_picked":["Turbo","Hologram"],"picked":"Glacier","floor":36.0},{"not_picked":["Conserve Battery","Gash+1","Streamline+1"],"picked":"SKIP","floor":37.0},{"not_picked":["Storm","Go for the Eyes"],"picked":"Buffer","floor":38.0},{"not_picked":["Genetic Algorithm+1","Double Energy"],"picked":"Tempest+1","floor":40.0},{"not_picked":["Rebound+1","Conserve Battery","Sweeping Beam"],"picked":"SKIP","floor":42.0},{"not_picked":["Steam+1","Redo","Storm+1"],"picked":"SKIP","floor":44.0},{"not_picked":["Steam","Redo","White Noise"],"picked":"SKIP","floor":46.0},{"not_picked":["Doom and Gloom","Buffer"],"picked":"Hologram+1","floor":47.0},{"not_picked":["Stack","Rebound","Sweeping Beam"],"picked":"SKIP","floor":47.0},{"not_picked":["Loop","Rebound+1","Stack+1"],"picked":"SKIP","floor":48.0},{"not_picked":["BootSequence+1","Biased Cognition"],"picked":"Skim","floor":54}],"player_experience":552641,"relics_obtained":[{"floor":6.0,"key":"MawBank"},{"floor":9.0,"key":"Whetstone"},{"floor":14.0,"key":"Akabeko"},{"floor":24.0,"key":"White Beast Statue"},{"floor":26.0,"key":"Ornamental Fan"},{"floor":31.0,"key":"Eternal Feather"},{"floor":36.0,"key":"WingedGreaves"},{"floor":40.0,"key":"Strawberry"},{"floor":44.0,"key":"Smiling Mask"},{"floor":45.0,"key":"StoneCalendar"},{"floor":46.0,"key":"Prayer Wheel"},{"floor":48.0,"key":"Nunchaku"},{"floor":54,"key":"Happy Flower"}],"event_choices":[{"cards_removed":["Defend_B"],"damage_healed":0.0,"max_hp_gain":0.0,"max_hp_loss":0.0,"gold_gain":0.0,"event_name":"The Cleric","player_choice":"Card Removal","floor":2.0,"gold_loss":50.0,"damage_taken":0.0},{"cards_removed":["Strike_B"],"damage_healed":0.0,"max_hp_gain":0.0,"max_hp_loss":0.0,"gold_gain":0.0,"event_name":"Bonfire Elementals","player_choice":"Offered Basic","floor":3.0,"gold_loss":0.0,"damage_taken":0.0},{"damage_healed":0.0,"max_hp_gain":0.0,"max_hp_loss":0.0,"gold_gain":0.0,"event_name":"Golden Idol","player_choice":"Take Damage","floor":5.0,"gold_loss":0.0,"damage_taken":17.0,"relics_obtained":["Golden Idol"]},{"damage_healed":0.0,"max_hp_gain":0.0,"max_hp_loss":0.0,"gold_gain":0.0,"event_name":"Dead Adventurer","player_choice":"Searched \u00272\u0027 times","floor":14.0,"gold_loss":0.0,"damage_taken":0.0},{"cards_removed":["Strike_B"],"damage_healed":0.0,"max_hp_gain":0.0,"max_hp_loss":0.0,"gold_gain":0.0,"event_name":"Beggar","player_choice":"Gave Gold","floor":21.0,"gold_loss":75.0,"damage_taken":0.0},{"damage_healed":0.0,"max_hp_gain":0.0,"max_hp_loss":0.0,"gold_gain":0.0,"event_name":"MindBloom","player_choice":"Fight","floor":36.0,"gold_loss":0.0,"damage_taken":0.0},{"damage_healed":0.0,"max_hp_gain":0.0,"max_hp_loss":0.0,"gold_gain":0.0,"event_name":"Tomb of Lord Red Mask","player_choice":"Ignored","floor":39.0,"gold_loss":0.0,"damage_taken":0.0},{"damage_healed":0.0,"max_hp_gain":0.0,"max_hp_loss":0.0,"gold_gain":0.0,"event_name":"Mysterious Sphere","player_choice":"Fight","floor":45.0,"gold_loss":0.0,"damage_taken":0.0}],"is_beta":false,"boss_relics":[{"not_picked":["Ectoplasm","Busted Crown"],"picked":"Philosopher\u0027s Stone"},{"not_picked":["Velvet Choker","Coffee Dripper"],"picked":"Inserter"}],"items_purged_floors":[19,29,53],"is_endless":false,"potions_floor_spawned":[6,8,12,14,16,18,20,28,30,31,33,35,36,37,38,40,42,44,45,46,47,48,54],"ascension_level":2}