{"gold_per_floor":[118,134,147,147,164,193,193,220,220,263,273,302,302,313,322,426,426,440,365,374,140,160,191,206,206,230,230,239,273,292,328,328,437,437,457,211,211,231,231,260,279,319,344,369,369,398,398,128,128,128,128,128,28,61,61],"floor_reached":56,"playtime":1794,"items_purged":["Strike_P","Defend_P","Judgement","Strike_P+1"],"score":2087,"play_id":"876db50f-80d8-4191-8b65-f1563b75d40d","local_time":"20240121021445","is_ascension_mode":true,"campfire_choices":[{"data":"EmptyMind","floor":7.0,"key":"SMITH"},{"floor":15.0,"key":"REST"},{"floor":25.0,"key":"REST"},{"floor":28.0,"key":"REST"},{"data":"MentalFortress","floor":32.0,"key":"SMITH"},{"data":"Scrawl","floor":45.0,"key":"SMITH"},{"data":"Master of Strategy","floor":47.0,"key":"SMITH"},{"floor":49.0,"key":"RECALL"},{"data":"Adaptation","floor":52.0,"key":"SMITH"}],"neow_cost":"TEN_PERCENT_HP_LOSS","seed_source_timestamp":7263670552300,"circlet_count":0,"master_deck":["Defend_P","Eruption+1","Vigilance","Violence+1","EmptyMind+1","BowlingBash","FlurryOfBlows","EmptyFist","DevaForm","RitualDagger","Master of Strategy+1","WheelKick","InnerPeace+1","Tantrum+1","MentalFortress+1","LessonLearned","Scrawl+1","TalkToTheHand+1","Adaptation+1"],"special_seed":0,"relics":["PureWater","White Beast Statue","CeramicFish","Dream Catcher","Pantograph","Thread and Needle","VioletLotus","Potion Belt","Pen Nib","Bag of Preparation","Darkstone Periapt","SacredBark","Centennial Puzzle","Damaru","Bird Faced Urn","Smiling Mask","Letter Opener","Toy Ornithopter","Oddly Smooth Stone"],"potions_floor_usage":[55,55,55],"damage_taken":[{"damage":2.0,"enemies":"Small Slimes","floor":1.0,"turns":4.0},{"damage":0.0,"enemies":"Cultist","floor":2.0,"turns":3.0},{"damage":0.0,"enemies":"2 Louse","floor":3.0,"turns":2.0},{"damage":7.0,"enemies":"Large Slime","floor":5.0,"turns":5.0},{"damage":0.0,"enemies":"Gremlin Nob","floor":6.0,"turns":2.0},{"damage":12.0,"enemies":"Lagavulin","floor":8.0,"turns":5.0},{"damage":15.0,"enemies":"3 Sentries","floor":10.0,"turns":6.0},{"damage":0.0,"enemies":"Blue Slaver","floor":11.0,"turns":2.0},{"damage":20.0,"enemies":"Gremlin Nob","floor":12.0,"turns":3.0},{"damage":0.0,"enemies":"Looter","floor":14.0,"turns":2.0},{"damage":0.0,"enemies":"Slime Boss","floor":16.0,"turns":5.0},{"damage":7.0,"enemies":"2 Thieves","floor":18.0,"turns":3.0},{"damage":15.0,"enemies":"Spheric Guardian","floor":22.0,"turns":4.0},{"damage":8.0,"enemies":"Gremlin Leader","floor":23.0,"turns":4.0},{"damage":0.0,"enemies":"Centurion and Healer","floor":24.0,"turns":3.0},{"damage":0.0,"enemies":"Slavers","floor":29.0,"turns":2.0},{"damage":8.0,"enemies":"Shelled Parasite and Fungi","floor":30.0,"turns":2.0},{"damage":0.0,"enemies":"Book of Stabbing","floor":31.0,"turns":1.0},{"damage":0.0,"enemies":"Automaton","floor":33.0,"turns":6.0},{"damage":2.0,"enemies":"Orb Walker","floor":35.0,"turns":2.0},{"damage":9.0,"enemies":"3 Shapes","floor":38.0,"turns":5.0},{"damage":12.0,"enemies":"Reptomancer","floor":40.0,"turns":5.0},{"damage":8.0,"enemies":"Spire Growth","floor":41.0,"turns":3.0},{"damage":0.0,"enemies":"Nemesis","floor":42.0,"turns":1.0},{"damage":0.0,"enemies":"Reptomancer","floor":44.0,"turns":1.0},{"damage":0.0,"enemies":"3 Darklings","floor":46.0,"turns":2.0},{"damage":75.0,"enemies":"Time Eater","floor":50.0,"turns":8.0},{"damage":0.0,"enemies":"Shield and Spear","floor":54.0,"turns":3.0},{"damage":47,"enemies":"The Heart","floor":55,"turns":4}],"seed_played":"-937406506025044912","potions_obtained":[{"floor":1.0,"key":"BlessingOfTheForge"},{"floor":5.0,"key":"EssenceOfSteel"},{"floor":6.0,"key":"LiquidMemories"},{"floor":8.0,"key":"SkillPotion"},{"floor":10.0,"key":"ColorlessPotion"},{"floor":12.0,"key":"BottledMiracle"},{"floor":14.0,"key":"AttackPotion"},{"floor":16.0,"key":"StancePotion"},{"floor":18.0,"key":"SkillPotion"},{"floor":22.0,"key":"BottledMiracle"},{"floor":23.0,"key":"FairyPotion"},{"floor":24.0,"key":"StancePotion"},{"floor":29.0,"key":"Fire Potion"},{"floor":30.0,"key":"Dexterity Potion"},{"floor":31.0,"key":"Dexterity Potion"},{"floor":33.0,"key":"BottledMiracle"},{"floor":35.0,"key":"BlessingOfTheForge"},{"floor":38.0,"key":"DuplicationPotion"},{"floor":40.0,"key":"SneckoOil"},{"floor":42.0,"key":"Regen Potion"},{"floor":54.0,"key":"CultistPotion"}],"is_trial":false,"path_per_floor":["M","M","M","?","M","E","R","E","T","E","M","E","?","M","R","B",null,"M","?","?","$","M","E","M","R","T","?","R","E","M","E","R","B",null,"M","$","?","M","?","E","M","E","T","E","R","M","R","$","R","B",null,"R","$","E","B",null],"character_chosen":"WATCHER","basemod:card_modifiers":[null,null,null,null,null,null,null,null,null,null,null,null,null,null,null,null,null,null,null],"items_purchased":["Master of Strategy","Centennial Puzzle","Adaptation","Toy Ornithopter","PowerPotion"],"campfire_rested":3,"item_purchase_floors":[21,36,48,48,53],"current_hp_per_floor":[63,63,63,63,56,56,56,44,44,29,29,9,2,2,21,46,60,53,53,47,47,32,24,24,43,43,43,62,62,54,54,54,65,65,63,63,63,54,54,42,38,38,38,40,40,40,40,40,40,36,58,58,58,65,18],"gold":61,"neow_bonus":"RANDOM_COLORLESS_2","is_prod":false,"is_daily":false,"chose_seed":false,"campfire_upgraded":5,"win_rate":0,"timestamp":1705770885,"path_taken":["M","M","M","?","?","E","R","E","T","E","M","E","?","M","R","BOSS","M","?","?","$","M","E","M","R","T","?","R","E","M","E","R","BOSS","M","$","?","M","?","E","?","E","T","E","R","M","R","$","R","BOSS","R","$","E","BOSS"],"build_version":"2022-12-18","purchased_purges":4,"victory":true,"max_hp_per_floor":[65,65,65,65,65,65,65,65,65,65,65,65,65,65,65,65,65,65,65,65,65,65,65,65,65,65,65,65,65,65,65,65,65,65,65,65,65,65,65,65,65,65,65,65,65,65,65,65,65,65,65,65,65,65,65],"relic_stats":{"Darkstone Periapt":0,"counters":[29,98],"CeramicFish":117,"Pen Nib":[20],"Bag of Preparation":[26],"Letter Opener":[60],"Smiling Mask":175,"White Beast Statue":[0.0,0.0,0.0,0.4,0.0,0.6000000000000001,0.0,0.0,0.0,0.0,0.0,9.350887680000005],"Dream Catcher":3,"Centennial Puzzle":[15],"Pantograph":61,"Bird Faced Urn":[12],"VioletLotus":[54],"PureWater":[28],"obtain_stats":[{"Potion Belt":23,"Darkstone Periapt":31,"CeramicFish":8,"SacredBark":34,"Damaru":39,"Oddly Smooth Stone":54,"Thread and Needle":12,"Pen Nib":26,"Bag of Preparation":29,"Letter Opener":44,"Smiling Mask":42,"White Beast Statue":6,"Dream Catcher":9,"Centennial Puzzle":36,"Pantograph":10,"Bird Faced Urn":40,"VioletLotus":17,"PureWater":0,"Toy Ornithopter":48},{"Potion Belt":14,"Darkstone Periapt":18,"CeramicFish":6,"SacredBark":19,"Damaru":21,"Oddly Smooth Stone":28,"Thread and Needle":9,"Pen Nib":15,"Bag of Preparation":16,"Letter Opener":25,"Smiling Mask":24,"White Beast Statue":5,"Dream Catcher":6,"Centennial Puzzle":20,"Pantograph":7,"Bird Faced Urn":22,"VioletLotus":11,"PureWater":0,"Toy Ornithopter":26},{"Potion Belt":50,"Darkstone Periapt":58,"CeramicFish":21,"SacredBark":64,"Damaru":71,"Oddly Smooth Stone":94,"Thread and Needle":32,"Pen Nib":53,"Bag of Preparation":55,"Letter Opener":81,"Smiling Mask":80,"White Beast Statue":16,"Dream Catcher":21,"Centennial Puzzle":66,"Pantograph":27,"Bird Faced Urn":76,"VioletLotus":39,"PureWater":0,"Toy Ornithopter":83}],"Toy Ornithopter":13},"card_choices":[{"not_picked":["Secret Weapon","Master of Strategy"],"picked":"Violence","floor":0.0},{"not_picked":["FollowUp","Protect","Halt"],"picked":"SKIP","floor":1.0},{"not_picked":["WreathOfFlame","WindmillStrike"],"picked":"EmptyMind","floor":2.0},{"not_picked":["Study","FlurryOfBlows"],"picked":"BowlingBash","floor":3.0},{"not_picked":["SashWhip","Consecrate","FlyingSleeves"],"picked":"SKIP","floor":5.0},{"not_picked":["Prostrate","DeceiveReality"],"picked":"Judgement","floor":6.0},{"not_picked":["Conclude","Swivel","FollowUp"],"picked":"SKIP","floor":8.0},{"not_picked":["Evaluate","BowlingBash"],"picked":"FlurryOfBlows","floor":10.0},{"not_picked":["WindmillStrike","Wireheading","EmptyBody"],"picked":"SKIP","floor":11.0},{"not_picked":["ThirdEye","Fasting2","EmptyMind"],"picked":"SKIP","floor":12.0},{"not_picked":["SashWhip","Consecrate","Protect"],"picked":"SKIP","floor":14.0},{"not_picked":["Brilliance","Protect"],"picked":"EmptyFist","floor":15.0},{"not_picked":["Omniscience","Alpha"],"picked":"DevaForm","floor":16.0},{"not_picked":["Halt","SashWhip","ThirdEye+1"],"picked":"SKIP","floor":18.0},{"not_picked":["SashWhip+1","BattleHymn"],"picked":"WheelKick","floor":22.0},{"not_picked":["DeceiveReality","ClearTheMind","FlurryOfBlows"],"picked":"SKIP","floor":23.0},{"not_picked":["Wallop","Wireheading","ReachHeaven"],"picked":"SKIP","floor":24.0},{"not_picked":["Consecrate","EmptyFist+1"],"picked":"InnerPeace+1","floor":28.0},{"not_picked":["Conclude","Collect","FollowUp"],"picked":"SKIP","floor":29.0},{"not_picked":["Crescendo","EmptyBody"],"picked":"Tantrum+1","floor":30.0},{"not_picked":["Worship","PathToVictory+1"],"picked":"MentalFortress","floor":31.0},{"not_picked":["Vault","Alpha"],"picked":"LessonLearned","floor":33.0},{"not_picked":["FollowUp","Prostrate","EmptyFist+1"],"picked":"SKIP","floor":35.0},{"not_picked":["ClearTheMind","Weave","Worship+1"],"picked":"SKIP","floor":38.0},{"not_picked":["BowlingBash+1","SashWhip+1","CrushJoints"],"picked":"SKIP","floor":40.0},{"not_picked":["Devotion","EmptyFist","Nirvana+1"],"picked":"SKIP","floor":41.0},{"not_picked":["BowlingBash","Perseverance"],"picked":"Scrawl","floor":42.0},{"not_picked":["Nirvana+1","Prostrate","CrushJoints+1"],"picked":"SKIP","floor":44.0},{"not_picked":["FlurryOfBlows","Prostrate"],"picked":"TalkToTheHand+1","floor":46.0},{"not_picked":["CarveReality","WreathOfFlame","Collect+1"],"picked":"SKIP","floor":54.0}],"player_experience":561989,"relics_obtained":[{"floor":6.0,"key":"White Beast Statue"},{"floor":8.0,"key":"CeramicFish"},{"floor":9.0,"key":"Dream Catcher"},{"floor":10.0,"key":"Pantograph"},{"floor":12.0,"key":"Thread and Needle"},{"floor":23.0,"key":"Potion Belt"},{"floor":26.0,"key":"Pen Nib"},{"floor":29.0,"key":"Bag of Preparation"},{"floor":31.0,"key":"Darkstone Periapt"},{"floor":40.0,"key":"Bird Faced Urn"},{"floor":42.0,"key":"Smiling Mask"},{"floor":44.0,"key":"Letter Opener"},{"floor":54.0,"key":"Oddly Smooth Stone"}],"event_choices":[{"damage_healed":0.0,"max_hp_gain":0.0,"max_hp_loss":0.0,"gold_gain":0.0,"event_name":"Upgrade Shrine","player_choice":"Upgraded","floor":4.0,"gold_loss":0.0,"damage_taken":0.0,"cards_upgraded":["Eruption"]},{"cards_removed":["Strike_P"],"damage_healed":0.0,"max_hp_gain":0.0,"max_hp_loss":0.0,"gold_gain":0.0,"event_name":"Golden Wing","player_choice":"Card Removal","floor":13.0,"gold_loss":0.0,"damage_taken":7.0},{"cards_removed":["Strike_P"],"damage_healed":0.0,"max_hp_gain":0.0,"max_hp_loss":0.0,"gold_gain":0.0,"event_name":"Beggar","player_choice":"Gave Gold","floor":19.0,"gold_loss":75.0,"damage_taken":0.0},{"damage_healed":0.0,"max_hp_gain":0.0,"max_hp_loss":0.0,"gold_gain":0.0,"event_name":"Nest","player_choice":"Joined the Cult","floor":20.0,"gold_loss":0.0,"damage_taken":6.0,"cards_obtained":["RitualDagger"]},{"cards_removed":["Defend_P"],"damage_healed":0.0,"max_hp_gain":0.0,"max_hp_loss":0.0,"gold_gain":0.0,"event_name":"Purifier","player_choice":"Purged","floor":27.0,"gold_loss":0.0,"damage_taken":0.0},{"cards_removed":["Defend_P"],"damage_healed":0.0,"max_hp_gain":0.0,"max_hp_loss":0.0,"gold_gain":0.0,"event_name":"Falling","player_choice":"Removed Skill","floor":37.0,"gold_loss":0.0,"damage_taken":0.0},{"damage_healed":0.0,"max_hp_gain":0.0,"max_hp_loss":0.0,"gold_gain":0.0,"event_name":"WeMeetAgain","player_choice":"Gave Potion","floor":39.0,"gold_loss":0.0,"damage_taken":0.0,"relics_obtained":["Damaru"]}],"is_beta":false,"boss_relics":[{"not_picked":["Coffee Dripper","Calling Bell"],"picked":"VioletLotus"},{"not_picked":["Tiny House","Busted Crown"],"picked":"SacredBark"}],"items_purged_floors":[21,36,48,53],"is_endless":false,"potions_floor_spawned":[1,5,6,8,10,11,12,14,16,18,22,23,24,29,30,31,33,35,38,40,41,42,44,46,54],"ascension_level":6}