{"gold_per_floor":[365,33,51,51,51,376,388,388,388,470,470,50,79,93,93,189,189,205,223,249,249,268,296,296,330,404,439,439,469,469,489,489,590,590,600,600,39,261,261,277,290,290,290,305,320,320,335,352,352,352,352,352,70,103,103],"floor_reached":55,"playtime":2294,"items_purged":["Strike_B","Defend_B","Strike_B+1","Sweeping Beam"],"score":1031,"play_id":"112b9fce-8515-4a66-b3cf-47df00651c1e","local_time":"20240123171449","is_ascension_mode":true,"campfire_choices":[{"floor":8.0,"key":"DIG"},{"floor":11.0,"key":"DIG"},{"floor":15.0,"key":"DIG"},{"floor":24.0,"key":"DIG"},{"data":"Defragment","floor":28.0,"key":"SMITH"},{"floor":30.0,"key":"DIG"},{"floor":32.0,"key":"DIG"},{"data":"Turbo","floor":42.0,"key":"SMITH"},{"floor":46.0,"key":"RECALL"},{"data":"Aggregate","floor":49.0,"key":"SMITH"},{"floor":52.0,"key":"DIG"}],"neow_cost":"PERCENT_DAMAGE","seed_source_timestamp":276807713500,"circlet_count":0,"master_deck":["Zap","Dualcast","Doom and Gloom","Self Repair","Turbo+1","Cold Snap","Coolheaded","Defragment+1","Seek","Compile Driver","Compile Driver","Buffer","Steam+1","Conserve Battery+1","Barrage","Defragment+1","Skim","Consume","Leap","Echo Form","Hologram+1","Turbo","Defragment","Master of Strategy","Coolheaded","Madness","Madness","Chaos+1","Defragment+1","Creative AI","Aggregate+1","Heatsinks","Storm+1"],"special_seed":0,"relics":["Cracked Core","Whetstone","Shovel","Old Coin","MealTicket","White Beast Statue","Meat on the Bone","Question Card","Ornamental Fan","Anchor","Astrolabe","Red Mask","Pear","Potion Belt","Girya","StrikeDummy","Singing Bowl","Smiling Mask","FossilizedHelix","Vajra","Philosopher\u0027s Stone","Runic Capacitor","Kunai","OrangePellets","Letter Opener"],"potions_floor_usage":[55,55],"damage_taken":[{"damage":1.0,"enemies":"Cultist","floor":1.0,"turns":3.0},{"damage":7.0,"enemies":"Jaw Worm","floor":3.0,"turns":3.0},{"damage":30.0,"enemies":"Gremlin Nob","floor":6.0,"turns":4.0},{"damage":0.0,"enemies":"2 Louse","floor":7.0,"turns":3.0},{"damage":5.0,"enemies":"3 Sentries","floor":13.0,"turns":2.0},{"damage":13.0,"enemies":"Blue Slaver","floor":14.0,"turns":3.0},{"damage":25.0,"enemies":"Slime Boss","floor":16.0,"turns":9.0},{"damage":13.0,"enemies":"Shell Parasite","floor":18.0,"turns":9.0},{"damage":2.0,"enemies":"Chosen","floor":19.0,"turns":4.0},{"damage":4.0,"enemies":"Masked Bandits","floor":20.0,"turns":5.0},{"damage":23.0,"enemies":"Centurion and Healer","floor":22.0,"turns":8.0},{"damage":12.0,"enemies":"Slavers","floor":23.0,"turns":7.0},{"damage":11.0,"enemies":"Book of Stabbing","floor":25.0,"turns":7.0},{"damage":23.0,"enemies":"Slavers","floor":27.0,"turns":5.0},{"damage":6.0,"enemies":"Book of Stabbing","floor":29.0,"turns":7.0},{"damage":16.0,"enemies":"Snake Plant","floor":31.0,"turns":4.0},{"damage":0.0,"enemies":"Automaton","floor":33.0,"turns":14.0},{"damage":20.0,"enemies":"3 Darklings","floor":35.0,"turns":5.0},{"damage":13.0,"enemies":"3 Shapes","floor":40.0,"turns":6.0},{"damage":14.0,"enemies":"Spire Growth","floor":41.0,"turns":5.0},{"damage":32.0,"enemies":"Jaw Worm Horde","floor":44.0,"turns":4.0},{"damage":0.0,"enemies":"Transient","floor":45.0,"turns":5.0},{"damage":18.0,"enemies":"3 Darklings","floor":47.0,"turns":4.0},{"damage":24.0,"enemies":"Sphere and 2 Shapes","floor":48.0,"turns":5.0},{"damage":55.0,"enemies":"Time Eater","floor":50.0,"turns":11.0},{"damage":53.0,"enemies":"Shield and Spear","floor":54.0,"turns":10.0},{"damage":47,"enemies":"The Heart","floor":55,"turns":3}],"seed_played":"-1176615664282757184","potions_obtained":[{"floor":3.0,"key":"PowerPotion"},{"floor":13.0,"key":"GamblersBrew"},{"floor":18.0,"key":"AttackPotion"},{"floor":19.0,"key":"PowerPotion"},{"floor":20.0,"key":"FocusPotion"},{"floor":23.0,"key":"LiquidBronze"},{"floor":25.0,"key":"PotionOfCapacity"},{"floor":27.0,"key":"Swift Potion"},{"floor":29.0,"key":"Fire Potion"},{"floor":31.0,"key":"EssenceOfDarkness"},{"floor":33.0,"key":"EssenceOfDarkness"},{"floor":35.0,"key":"Explosive Potion"},{"floor":40.0,"key":"Regen Potion"},{"floor":41.0,"key":"SpeedPotion"},{"floor":47.0,"key":"BlessingOfTheForge"},{"floor":48.0,"key":"Swift Potion"},{"floor":54.0,"key":"PowerPotion"}],"is_trial":false,"path_per_floor":["M","$","M","?","?","E","M","R","T","T","R","$","E","M","R","B",null,"M","M","?","?","M","E","R","E","T","E","R","E","R","M","R","B",null,"M","?","$","?","?","M","M","R","T","M","M","R","M","M","R","B",null,"R","$","E","B"],"character_chosen":"DEFECT","basemod:card_modifiers":[null,null,null,null,null,null,null,null,null,null,null,null,null,null,null,null,null,null,null,null,null,null,null,null,null,null,null,null,null,null,null,null,null],"items_purchased":["Doom and Gloom","Whetstone","Self Repair","Defragment","Seek","Compile Driver","Swift Potion","LiquidBronze","Runic Capacitor","Turbo","Defragment","Master of Strategy","Coolheaded","Heatsinks","OrangePellets"],"campfire_rested":0,"item_purchase_floors":[2,2,2,12,12,12,12,12,37,37,37,37,37,53,53],"current_hp_per_floor":[53,53,53,53,50,20,27,27,27,27,27,42,49,55,55,42,75,69,74,75,75,59,64,64,53,53,44,44,52,52,57,57,66,93,75,75,90,90,78,74,69,69,69,56,63,63,61,56,56,20,99,99,99,65,18],"gold":103,"neow_bonus":"TWO_FIFTY_GOLD","is_prod":false,"is_daily":false,"chose_seed":false,"campfire_upgraded":3,"win_rate":0,"timestamp":1705997689,"path_taken":["M","$","?","?","?","E","M","R","T","?","R","$","E","M","R","BOSS","M","M","?","?","M","E","R","E","T","E","R","E","R","M","R","BOSS","M","?","$","?","?","M","M","R","T","?","M","R","M","M","R","BOSS","R","$","E","BOSS"],"build_version":"2022-12-18","purchased_purges":4,"victory":false,"max_hp_per_floor":[75,75,75,75,75,75,75,75,75,75,75,75,75,75,75,75,75,75,75,75,75,75,85,85,85,85,87,87,89,89,91,91,93,93,95,95,95,95,95,97,99,99,99,99,99,99,99,99,99,99,99,99,99,99,99],"relic_stats":{"Girya":0,"Singing Bowl":14,"counters":[27,155],"Astrolabe":["Machine Learning","Steam","Conserve Battery"],"Whetstone":["Strike_B","Strike_B"],"Letter Opener":[10],"Question Card":21,"Smiling Mask":175,"White Beast Statue":[0.0,0.0,0.0,0.4,0.0,0.6000000000000001,0.0,0.0,0.0,0.0,0.0,9.802544691200003],"OrangePellets":[1],"Shovel":7,"Ornamental Fan":[144],"MealTicket":30,"Kunai":[2],"obtain_stats":[{"Singing Bowl":27,"Vajra":32,"Runic Capacitor":37,"Whetstone":2,"Smiling Mask":29,"Old Coin":6,"Shovel":5,"MealTicket":8,"Philosopher\u0027s Stone":34,"Red Mask":20,"Kunai":52,"Cracked Core":0,"Potion Belt":24,"Girya":25,"Pear":23,"Astrolabe":17,"Letter Opener":54,"Question Card":11,"White Beast Statue":9,"OrangePellets":53,"Anchor":15,"Ornamental Fan":13,"StrikeDummy":26,"FossilizedHelix":30,"Meat on the Bone":10},{"Singing Bowl":14,"Vajra":16,"Runic Capacitor":18,"Whetstone":1,"Smiling Mask":15,"Old Coin":3,"Shovel":2,"MealTicket":4,"Philosopher\u0027s Stone":17,"Red Mask":10,"Kunai":25,"Cracked Core":0,"Potion Belt":12,"Girya":13,"Pear":12,"Astrolabe":7,"Letter Opener":26,"Question Card":4,"White Beast Statue":4,"OrangePellets":25,"Anchor":6,"Ornamental Fan":5,"StrikeDummy":13,"FossilizedHelix":15,"Meat on the Bone":4},{"Singing Bowl":72,"Vajra":83,"Runic Capacitor":102,"Whetstone":3,"Smiling Mask":79,"Old Coin":10,"Shovel":6,"MealTicket":13,"Philosopher\u0027s Stone":97,"Red Mask":45,"Kunai":142,"Cracked Core":0,"Potion Belt":60,"Girya":67,"Pear":60,"Astrolabe":27,"Letter Opener":152,"Question Card":13,"White Beast Statue":13,"OrangePellets":142,"Anchor":18,"Ornamental Fan":15,"StrikeDummy":67,"FossilizedHelix":79,"Meat on the Bone":13}],"FossilizedHelix":[98],"Meat on the Bone":120},"card_choices":[{"not_picked":["Beam Cell","Rebound"],"picked":"Sweeping Beam","floor":1.0},{"not_picked":["Gash","Sweeping Beam"],"picked":"Turbo","floor":3.0},{"not_picked":["Aggregate","Storm"],"picked":"Cold Snap","floor":6.0},{"not_picked":["Rebound","Gash"],"picked":"Coolheaded","floor":7.0},{"not_picked":["Sweeping Beam","Double Energy","Go for the Eyes","Rainbow"],"picked":"SKIP","floor":13.0},{"not_picked":["Go for the Eyes","Recycle","White Noise"],"picked":"Compile Driver","floor":14.0},{"not_picked":["Hyperbeam","Seek","Multi-Cast"],"picked":"Buffer","floor":16.0},{"not_picked":["Compile Driver","Rebound+1","Aggregate"],"picked":"Barrage","floor":18.0},{"not_picked":["Compile Driver","Sweeping Beam+1","Sunder"],"picked":"Defragment+1","floor":19.0},{"not_picked":["Steam Power+1","Leap","Redo+1"],"picked":"Skim","floor":20.0},{"not_picked":["Rebound","Auto Shields","White Noise","Chill"],"picked":"SKIP","floor":22.0},{"not_picked":["Buffer","Darkness","FTL"],"picked":"Echo Form","floor":23.0},{"not_picked":["Genetic Algorithm","Barrage","Aggregate"],"picked":"Hologram+1","floor":25.0},{"not_picked":["Tempest+1","Compile Driver","Cold Snap+1","Undo+1"],"picked":"Singing Bowl","floor":27.0},{"not_picked":["Skim","Barrage","Sweeping Beam+1","Genetic Algorithm"],"picked":"Singing Bowl","floor":29.0},{"not_picked":["Sunder","Darkness","Double Energy","Lockon"],"picked":"Singing Bowl","floor":31.0},{"not_picked":["Buffer","Rainbow","Fission","Machine Learning"],"picked":"Singing Bowl","floor":33.0},{"not_picked":["Genetic Algorithm+1","Beam Cell+1","Streamline","Redo"],"picked":"Singing Bowl","floor":35.0},{"not_picked":["Compile Driver+1","Sweeping Beam","Cold Snap+1","Multi-Cast"],"picked":"Singing Bowl","floor":40.0},{"not_picked":["Sweeping Beam+1","Steam","Beam Cell","Static Discharge"],"picked":"Singing Bowl","floor":41.0},{"not_picked":["Gash","Stack+1","Blizzard+1"],"picked":"Chaos+1","floor":44.0},{"not_picked":["Double Energy","Stack","Go for the Eyes+1"],"picked":"Defragment+1","floor":45.0},{"not_picked":["Barrage","Streamline+1","Double Energy"],"picked":"Creative AI","floor":47.0},{"not_picked":["Gash+1","Beam Cell","Sweeping Beam"],"picked":"Aggregate","floor":48.0},{"not_picked":["Barrage+1","Chaos","Rebound+1"],"picked":"Storm+1","floor":54.0}],"player_experience":563783,"relics_obtained":[{"floor":6.0,"key":"Old Coin"},{"floor":8.0,"key":"MealTicket"},{"floor":9.0,"key":"White Beast Statue"},{"floor":10.0,"key":"Meat on the Bone"},{"floor":11.0,"key":"Question Card"},{"floor":13.0,"key":"Ornamental Fan"},{"floor":15.0,"key":"Anchor"},{"floor":20.0,"key":"Red Mask"},{"floor":23.0,"key":"Pear"},{"floor":24.0,"key":"Potion Belt"},{"floor":25.0,"key":"Girya"},{"floor":26.0,"key":"StrikeDummy"},{"floor":27.0,"key":"Singing Bowl"},{"floor":29.0,"key":"Smiling Mask"},{"floor":30.0,"key":"FossilizedHelix"},{"floor":32.0,"key":"Vajra"},{"floor":52.0,"key":"Kunai"},{"floor":54.0,"key":"Letter Opener"}],"event_choices":[{"damage_healed":0.0,"max_hp_gain":0.0,"max_hp_loss":0.0,"gold_gain":0.0,"event_name":"Liars Game","player_choice":"Ignored","floor":4.0,"gold_loss":0.0,"damage_taken":0.0},{"damage_healed":0.0,"max_hp_gain":0.0,"max_hp_loss":0.0,"gold_gain":0.0,"event_name":"Scrap Ooze","player_choice":"Success","floor":5.0,"gold_loss":0.0,"damage_taken":3.0,"relics_obtained":["Shovel"]},{"damage_healed":0.0,"max_hp_gain":0.0,"max_hp_loss":0.0,"gold_gain":0.0,"event_name":"Masked Bandits","player_choice":"Fought Bandits","floor":20.0,"gold_loss":0.0,"damage_taken":0.0},{"damage_healed":0.0,"max_hp_gain":0.0,"max_hp_loss":0.0,"gold_gain":0.0,"cards_transformed":["Defend_B","Strike_B"],"event_name":"Drug Dealer","player_choice":"Became Test Subject","floor":21.0,"gold_loss":0.0,"damage_taken":0.0,"cards_obtained":["Consume","Leap"]},{"cards_removed":["Machine Learning"],"damage_healed":0.0,"max_hp_gain":0.0,"max_hp_loss":0.0,"gold_gain":0.0,"event_name":"Falling","player_choice":"Removed Power","floor":36.0,"gold_loss":0.0,"damage_taken":0.0},{"damage_healed":0.0,"max_hp_gain":0.0,"max_hp_loss":0.0,"gold_gain":222.0,"event_name":"Tomb of Lord Red Mask","player_choice":"Wore Mask","floor":38.0,"gold_loss":0.0,"damage_taken":0.0},{"damage_healed":0.0,"max_hp_gain":0.0,"max_hp_loss":0.0,"gold_gain":0.0,"event_name":"Winding Halls","player_choice":"Embrace Madness","floor":39.0,"gold_loss":0.0,"damage_taken":12.0,"cards_obtained":["Madness","Madness"]}],"is_beta":false,"boss_relics":[{"not_picked":["Tiny House","Busted Crown"],"picked":"Astrolabe"},{"not_picked":["Calling Bell","Cursed Key"],"picked":"Philosopher\u0027s Stone"}],"items_purged_floors":[2,12,37,53],"is_endless":false,"potions_floor_spawned":[3,13,14,16,18,19,20,22,23,25,27,29,31,33,35,40,41,44,45,47,48,54],"killed_by":"The Heart","ascension_level":4}