{"gold_per_floor":[359,369,141,156,56,56,87,106,130,147,66,66,80,80,80,151,151,164,164,178,178,178,178,203,203,230,230],"floor_reached":27,"playtime":737,"items_purged":["Shame","Strike_G"],"score":487,"play_id":"d979cf2b-d927-45fc-b1da-f82d01020105","local_time":"20240121001357","is_ascension_mode":true,"campfire_choices":[{"data":"Phantasmal Killer","floor":6.0,"key":"SMITH"},{"floor":15.0,"key":"REST"},{"floor":23,"key":"REST"}],"neow_cost":"CURSE","seed_source_timestamp":1162319058600,"circlet_count":0,"master_deck":["AscendersBane","Strike_G","Strike_G","Strike_G","Defend_G","Defend_G","Defend_G","Defend_G","Defend_G","Survivor","Neutralize","Flying Knee","Escape Plan","Phantasmal Killer+1","Underhanded Strike","Venomology","Acrobatics","PiercingWail","Reflex","Predator","Night Terror","Ghostly","Ghostly","Ghostly","Ghostly"],"special_seed":0,"relics":["Ring of the Snake","Boot","Potion Belt","Snecko Eye","Nunchaku"],"potions_floor_usage":[20,20,24,24,27,27,27],"damage_taken":[{"damage":5.0,"enemies":"Cultist","floor":1.0,"turns":4.0},{"damage":1.0,"enemies":"Small Slimes","floor":2.0,"turns":4.0},{"damage":1.0,"enemies":"Jaw Worm","floor":4.0,"turns":3.0},{"damage":43.0,"enemies":"Lagavulin","floor":7.0,"turns":9.0},{"damage":6.0,"enemies":"Red Slaver","floor":8.0,"turns":3.0},{"damage":0.0,"enemies":"Large Slime","floor":10.0,"turns":4.0},{"damage":0.0,"enemies":"3 Louse","floor":13.0,"turns":5.0},{"damage":1.0,"enemies":"Slime Boss","floor":16.0,"turns":7.0},{"damage":0.0,"enemies":"3 Byrds","floor":18.0,"turns":3.0},{"damage":22,"enemies":"Spheric Guardian","floor":20,"turns":6},{"damage":5,"enemies":"Gremlin Leader","floor":24,"turns":7},{"damage":15,"enemies":"Snecko","floor":27,"turns":4}],"seed_played":"-8282179269604850628","potions_obtained":[{"floor":7.0,"key":"BlessingOfTheForge"},{"floor":10.0,"key":"AttackPotion"},{"floor":13.0,"key":"LiquidBronze"},{"floor":16.0,"key":"CunningPotion"}],"is_trial":false,"path_per_floor":["M","M","$","M","$","R","E","M","T","M","$","?","M","?","R","B",null,"M","?","M","?","?","R","E","?","T","M"],"character_chosen":"THE_SILENT","basemod:card_modifiers":[null,null,null,null,null,null,null,null,null,null,null,null,null,null,null,null,null,null,null,null,null,null,null,null,null],"items_purchased":["Phantasmal Killer","Reflex"],"campfire_rested":2,"item_purchase_floors":[3,11],"current_hp_per_floor":[54,53,53,52,52,52,9,3,3,3,3,3,3,3,22,21,55,55,33,11,11,11,20,15,15,15,0],"gold":230,"neow_bonus":"TWO_FIFTY_GOLD","is_prod":false,"is_daily":false,"chose_seed":false,"campfire_upgraded":1,"win_rate":0,"timestamp":1705763637,"path_taken":["M","M","$","M","?","R","E","M","T","M","$","?","M","?","R","BOSS","M","?","M","?","?","R","E","?","T","M"],"build_version":"2022-12-18","purchased_purges":2,"victory":false,"max_hp_per_floor":[66,66,66,66,66,66,66,66,66,66,66,66,66,66,66,66,66,66,33,33,33,33,33,33,33,33,33],"relic_stats":{"Nunchaku":[0],"counters":[12,59],"Snecko Eye":[37,41,53,45,-102],"Boot":[30],"obtain_stats":[{"Potion Belt":9,"Nunchaku":24,"Snecko Eye":17,"Boot":7,"Ring of the Snake":0},{"Potion Belt":5,"Nunchaku":11,"Snecko Eye":8,"Boot":4,"Ring of the Snake":0},{"Potion Belt":23,"Nunchaku":55,"Snecko Eye":39,"Boot":20,"Ring of the Snake":0}],"Ring of the Snake":[24]},"card_choices":[{"not_picked":["Backflip","Concentrate"],"picked":"Flying Knee","floor":1.0},{"not_picked":["Well Laid Plans","Flying Knee"],"picked":"Escape Plan","floor":2.0},{"not_picked":["Deflect","Concentrate"],"picked":"Underhanded Strike","floor":4.0},{"not_picked":["Quick Slash","Deadly Poison"],"picked":"Venomology","floor":7.0},{"not_picked":["Underhanded Strike","Terror"],"picked":"Acrobatics","floor":8.0},{"not_picked":["Flying Knee","Crippling Poison"],"picked":"PiercingWail","floor":10.0},{"not_picked":["Leg Sweep","Prepared"],"picked":"Predator","floor":13.0},{"not_picked":["Tools of the Trade","Envenom"],"picked":"Night Terror","floor":16.0},{"not_picked":["PiercingWail","Dagger Throw","Sucker Punch"],"picked":"SKIP","floor":18.0},{"not_picked":["Blade Dance","Backstab","PiercingWail"],"picked":"SKIP","floor":20},{"not_picked":["Finisher","All Out Attack","PiercingWail"],"picked":"SKIP","floor":24}],"player_experience":557724,"relics_obtained":[{"floor":7.0,"key":"Boot"},{"floor":9.0,"key":"Potion Belt"},{"floor":24,"key":"Nunchaku"}],"event_choices":[{"damage_healed":0.0,"max_hp_gain":0.0,"max_hp_loss":0.0,"gold_gain":0.0,"event_name":"Liars Game","player_choice":"Ignored","floor":12.0,"gold_loss":0.0,"damage_taken":0.0},{"damage_healed":0.0,"max_hp_gain":0.0,"max_hp_loss":0.0,"gold_gain":0.0,"event_name":"Match and Keep!","player_choice":"0 cards matched","floor":14.0,"gold_loss":0.0,"damage_taken":0.0,"cards_obtained":[]},{"damage_healed":0.0,"max_hp_gain":0.0,"max_hp_loss":33.0,"gold_gain":0.0,"event_name":"Ghosts","player_choice":"Became a Ghost","floor":19.0,"gold_loss":0.0,"damage_taken":0.0,"cards_obtained":["Ghostly","Ghostly","Ghostly"]},{"damage_healed":0,"gold_gain":0,"player_choice":"Ignored","damage_taken":0,"max_hp_gain":0,"max_hp_loss":0,"event_name":"Cursed Tome","floor":21,"gold_loss":0},{"cards_removed":["Strike_G"],"damage_healed":0,"gold_gain":0,"player_choice":"Elegance","damage_taken":0,"max_hp_gain":0,"max_hp_loss":0,"event_name":"Back to Basics","floor":22,"gold_loss":0},{"damage_healed":0,"gold_gain":0,"player_choice":"Copied","damage_taken":0,"max_hp_gain":0,"max_hp_loss":0,"event_name":"Duplicator","floor":25,"gold_loss":0,"cards_obtained":["Ghostly"]}],"is_beta":false,"boss_relics":[{"not_picked":["Runic Dome","SlaversCollar"],"picked":"Snecko Eye"}],"items_purged_floors":[3,5],"is_endless":false,"potions_floor_spawned":[7,10,13,16],"killed_by":"Snecko","ascension_level":20}