{"gold_per_floor":[109,122,141,152,77,77,77,77,77,112,127,127,127,161,161,235,235,249,259,259],"floor_reached":20,"playtime":599,"items_purged":[],"score":368,"play_id":"eb76d440-9bbe-42b2-adb1-5b2039cd0e15","local_time":"20240120235937","is_ascension_mode":true,"campfire_choices":[{"data":"Poisoned Stab","floor":6.0,"key":"SMITH"},{"data":"Magnetism","floor":8.0,"key":"SMITH"},{"floor":12.0,"key":"REST"},{"floor":15.0,"key":"REST"}],"neow_cost":"TEN_PERCENT_HP_LOSS","seed_source_timestamp":513480712200,"circlet_count":0,"master_deck":["AscendersBane","Survivor","Neutralize","Magnetism+1","Flying Knee","Poisoned Stab+1","Calculated Gamble","Dagger Throw","Infinite Blades","Corpse Explosion","Die Die Die","Tactician","Burst","Footwork","Bouncing Flask","Tactician","Calculated Gamble","Unload","Blade Dance","Deflect+1"],"special_seed":0,"relics":["Ring of the Snake","StrikeDummy","Kunai","Meat on the Bone","Pandora\u0027s Box"],"potions_floor_usage":[],"damage_taken":[{"damage":5.0,"enemies":"Cultist","floor":1.0,"turns":5.0},{"damage":10.0,"enemies":"2 Louse","floor":2.0,"turns":5.0},{"damage":7.0,"enemies":"Small Slimes","floor":3.0,"turns":3.0},{"damage":5.0,"enemies":"Looter","floor":4.0,"turns":4.0},{"damage":21.0,"enemies":"Gremlin Nob","floor":10.0,"turns":4.0},{"damage":20.0,"enemies":"Red Slaver","floor":11.0,"turns":4.0},{"damage":9.0,"enemies":"Lagavulin","floor":14.0,"turns":6.0},{"damage":3.0,"enemies":"The Guardian","floor":16.0,"turns":12.0},{"damage":2.0,"enemies":"3 Byrds","floor":18.0,"turns":2.0},{"damage":24.0,"enemies":"Chosen","floor":19.0,"turns":4.0},{"damage":41,"enemies":"Shelled Parasite and Fungi","floor":20,"turns":3}],"seed_played":"2434893459290447347","potions_obtained":[{"floor":1.0,"key":"SmokeBomb"},{"floor":3.0,"key":"LiquidBronze"},{"floor":16.0,"key":"LiquidBronze"},{"floor":19.0,"key":"CunningPotion"}],"is_trial":false,"path_per_floor":["M","M","M","M","?","R","?","R","T","E","M","R","?","E","R","B",null,"M","M","M"],"character_chosen":"THE_SILENT","basemod:card_modifiers":[null,null,null,null,null,null,null,null,null,null,null,null,null,null,null,null,null,null,null,null],"items_purchased":[],"campfire_rested":2,"item_purchase_floors":[],"current_hp_per_floor":[54,44,37,32,32,32,52,52,52,31,11,29,29,20,38,35,54,52,40,0],"gold":259,"neow_bonus":"RANDOM_COLORLESS_2","is_prod":false,"is_daily":false,"chose_seed":false,"campfire_upgraded":2,"win_rate":0,"timestamp":1705762777,"path_taken":["M","M","M","M","?","R","?","R","T","E","M","R","?","E","R","BOSS","M","M","?"],"build_version":"2022-12-18","purchased_purges":0,"victory":false,"max_hp_per_floor":[60,60,60,60,60,60,60,60,60,60,60,60,60,60,60,60,60,60,60,60],"relic_stats":{"counters":[11,52],"Pandora\u0027s Box":["Die Die Die","Tactician","Burst","Footwork","Bouncing Flask","Tactician","Calculated Gamble","Unload"],"Kunai":[17],"obtain_stats":[{"Pandora\u0027s Box":17,"Kunai":10,"StrikeDummy":9,"Ring of the Snake":0,"Meat on the Bone":14},{"Pandora\u0027s Box":8,"Kunai":5,"StrikeDummy":4,"Ring of the Snake":0,"Meat on the Bone":7},{"Pandora\u0027s Box":43,"Kunai":21,"StrikeDummy":17,"Ring of the Snake":0,"Meat on the Bone":31}],"Ring of the Snake":[22],"Meat on the Bone":12},"card_choices":[{"not_picked":["Metamorphosis","Chrysalis"],"picked":"Magnetism","floor":0.0},{"not_picked":["Outmaneuver","Quick Slash"],"picked":"Flying Knee","floor":1.0},{"not_picked":["Prepared","Quick Slash","Flying Knee"],"picked":"SKIP","floor":2.0},{"not_picked":["Choke","Deadly Poison"],"picked":"Poisoned Stab","floor":3.0},{"not_picked":["Masterful Stab","Distraction"],"picked":"Calculated Gamble","floor":4.0},{"not_picked":["Underhanded Strike","Prepared"],"picked":"Dagger Throw","floor":10.0},{"not_picked":["Blur","Bane"],"picked":"Infinite Blades","floor":11.0},{"not_picked":["Tools of the Trade","Backflip","Expertise"],"picked":"SKIP","floor":14.0},{"not_picked":["Tools of the Trade","Bullet Time"],"picked":"Corpse Explosion","floor":16.0},{"not_picked":["Endless Agony","All Out Attack"],"picked":"Blade Dance","floor":18.0},{"not_picked":["Riddle With Holes","Dagger Throw"],"picked":"Deflect+1","floor":19.0}],"player_experience":557125,"relics_obtained":[{"floor":9.0,"key":"StrikeDummy"},{"floor":10.0,"key":"Kunai"},{"floor":14.0,"key":"Meat on the Bone"}],"event_choices":[{"cards_removed":["Strike_G"],"damage_healed":0.0,"max_hp_gain":0.0,"max_hp_loss":0.0,"gold_gain":0.0,"event_name":"The Cleric","player_choice":"Card Removal","floor":5.0,"gold_loss":75.0,"damage_taken":0.0},{"damage_healed":20.0,"max_hp_gain":0.0,"max_hp_loss":0.0,"gold_gain":0.0,"event_name":"Big Fish","player_choice":"Banana","floor":7.0,"gold_loss":0.0,"damage_taken":0.0},{"cards_removed":["Defend_G"],"damage_healed":0.0,"max_hp_gain":0.0,"max_hp_loss":0.0,"gold_gain":0.0,"event_name":"Bonfire Elementals","player_choice":"Offered Basic","floor":13.0,"gold_loss":0.0,"damage_taken":0.0}],"is_beta":false,"boss_relics":[{"not_picked":["Empty Cage","Busted Crown"],"picked":"Pandora\u0027s Box"}],"items_purged_floors":[],"is_endless":false,"potions_floor_spawned":[1,3,16,19],"killed_by":"Shelled Parasite and Fungi","ascension_level":20}