{"gold_per_floor":[109,109,184,203,216,216,257,257,257,257,292,292,136,86,86,217,217,232,246,260,283,283,312,312,339,339,354,181,201,231,231,231,231],"floor_reached":33,"playtime":954,"items_purged":["Strike_P","Strike_P"],"score":529,"play_id":"fefc2adb-d4cc-40e4-bd31-808d275658db","local_time":"20240121013114","is_ascension_mode":true,"campfire_choices":[{"data":"CrushJoints","floor":6.0,"key":"SMITH"},{"floor":10.0,"key":"REST"},{"data":"ForeignInfluence","floor":12.0,"key":"SMITH"},{"data":"Tantrum","floor":15.0,"key":"SMITH"},{"floor":24.0,"key":"REST"},{"floor":32,"key":"REST"}],"neow_cost":"NONE","seed_source_timestamp":5566276445800,"circlet_count":0,"master_deck":["Strike_P","Defend_P","Defend_P","Defend_P","Defend_P","Eruption+1","Vigilance","CrushJoints+1","EmptyMind","ForeignInfluence+1","Tantrum+1","MasterReality","MentalFortress","Halt","Prostrate+1","Adaptation"],"special_seed":0,"relics":["PureWater","Bloody Idol","Torii","Ornamental Fan","Juzu Bracelet","SacredBark","Bag of Preparation","Eternal Feather","Pear"],"potions_floor_usage":[32],"damage_taken":[{"damage":0.0,"enemies":"Small Slimes","floor":1.0,"turns":2.0},{"damage":0.0,"enemies":"2 Louse","floor":4.0,"turns":2.0},{"damage":7.0,"enemies":"Jaw Worm","floor":5.0,"turns":4.0},{"damage":8.0,"enemies":"Gremlin Nob","floor":7.0,"turns":3.0},{"damage":22.0,"enemies":"Lagavulin","floor":11.0,"turns":5.0},{"damage":0.0,"enemies":"Slime Boss","floor":16.0,"turns":4.0},{"damage":1.0,"enemies":"Spheric Guardian","floor":18.0,"turns":3.0},{"damage":0.0,"enemies":"Chosen","floor":19.0,"turns":3.0},{"damage":22.0,"enemies":"Centurion and Healer","floor":20.0,"turns":7.0},{"damage":32.0,"enemies":"Snake Plant","floor":21.0,"turns":6.0},{"damage":24.0,"enemies":"Slavers","floor":23.0,"turns":5.0},{"damage":0.0,"enemies":"Gremlin Leader","floor":25.0,"turns":8.0},{"damage":0.0,"enemies":"Shelled Parasite and Fungi","floor":27.0,"turns":3.0},{"damage":1.0,"enemies":"Centurion and Healer","floor":29.0,"turns":3.0},{"damage":48,"enemies":"Book of Stabbing","floor":30,"turns":4},{"damage":18,"enemies":"Colosseum Slavers","floor":31,"turns":5},{"damage":39,"enemies":"Champ","floor":33,"turns":5}],"seed_played":"-4600380980190108671","potions_obtained":[{"floor":4.0,"key":"Regen Potion"},{"floor":7.0,"key":"AttackPotion"},{"floor":16.0,"key":"Energy Potion"},{"floor":18.0,"key":"Strength Potion"},{"floor":19.0,"key":"Fruit Juice"},{"floor":20.0,"key":"CultistPotion"},{"floor":23.0,"key":"BlessingOfTheForge"}],"is_trial":false,"path_per_floor":["M","?","?","M","M","R","E","?","T","R","E","R","$","?","R","B",null,"M","M","M","M","?","E","R","E","T","M","$","M","E","?","R","B"],"character_chosen":"WATCHER","basemod:card_modifiers":[null,null,null,null,null,null,null,null,null,null,null,null,null,null,null,null],"items_purchased":["Tantrum","Adaptation"],"campfire_rested":3,"item_purchase_floors":[13,28],"current_hp_per_floor":[65,47,36,36,29,29,21,21,21,42,20,20,20,20,20,20,59,58,58,72,40,40,21,42,47,57,62,62,66,23,5,51,12],"gold":231,"neow_bonus":"UPGRADE_CARD","is_prod":false,"is_daily":false,"chose_seed":false,"campfire_upgraded":3,"win_rate":0,"timestamp":1705768274,"path_taken":["M","?","?","M","M","R","E","?","T","R","E","R","$","?","R","BOSS","M","M","M","M","?","E","R","E","T","M","$","M","E","?","R","BOSS"],"build_version":"2022-12-18","purchased_purges":2,"victory":false,"max_hp_per_floor":[72,72,72,72,72,72,72,72,72,72,72,72,72,72,72,72,72,72,72,72,72,72,72,72,72,82,82,82,82,82,82,92,92],"relic_stats":{"Torii":19,"counters":[17,72],"Ornamental Fan":[64],"Bloody Idol":25,"Eternal Feather":9,"Juzu Bracelet":0,"Bag of Preparation":[12],"PureWater":[15],"obtain_stats":[{"Pear":26,"Torii":7,"Golden Idol":2,"Ornamental Fan":9,"SacredBark":17,"Bloody Idol":22,"Eternal Feather":25,"Juzu Bracelet":11,"Bag of Preparation":23,"PureWater":0},{"Pear":12,"Torii":4,"Golden Idol":1,"Ornamental Fan":4,"SacredBark":6,"Bloody Idol":10,"Eternal Feather":12,"Juzu Bracelet":5,"Bag of Preparation":11,"PureWater":0},{"Pear":52,"Torii":11,"Golden Idol":2,"Ornamental Fan":11,"SacredBark":20,"Bloody Idol":39,"Eternal Feather":52,"Juzu Bracelet":16,"Bag of Preparation":44,"PureWater":0}]},"card_choices":[{"not_picked":["FollowUp","SashWhip","Perseverance"],"picked":"SKIP","floor":1.0},{"not_picked":["EmptyBody","Weave"],"picked":"CrushJoints","floor":4.0},{"not_picked":["Protect","Fasting2","ClearTheMind"],"picked":"SKIP","floor":5.0},{"not_picked":["Consecrate","ReachHeaven"],"picked":"EmptyMind","floor":7.0},{"not_picked":["SashWhip","Evaluate"],"picked":"ForeignInfluence","floor":11.0},{"not_picked":["Alpha","Wish"],"picked":"MasterReality","floor":16.0},{"not_picked":["EmptyBody","DeceiveReality+1"],"picked":"MentalFortress","floor":18.0},{"not_picked":["ClearTheMind+1","WindmillStrike","CutThroughFate"],"picked":"SKIP","floor":19.0},{"not_picked":["SandsOfTime+1","WaveOfTheHand","Nirvana"],"picked":"SKIP","floor":20.0},{"not_picked":["Prostrate","Worship"],"picked":"Halt","floor":21.0},{"not_picked":["Wireheading+1","Protect","Omniscience"],"picked":"SKIP","floor":23.0},{"not_picked":["FlurryOfBlows+1","Halt","Vengeance"],"picked":"SKIP","floor":25.0},{"not_picked":["FlyingSleeves","BowlingBash"],"picked":"Prostrate+1","floor":27.0},{"not_picked":["BowlingBash","EmptyFist","ThirdEye"],"picked":"SKIP","floor":29.0},{"not_picked":["Perseverance","FlurryOfBlows+1","CarveReality"],"picked":"SKIP","floor":30}],"player_experience":560473,"relics_obtained":[{"floor":7.0,"key":"Torii"},{"floor":9.0,"key":"Ornamental Fan"},{"floor":11.0,"key":"Juzu Bracelet"},{"floor":23.0,"key":"Bag of Preparation"},{"floor":25.0,"key":"Eternal Feather"},{"floor":26.0,"key":"Pear"}],"event_choices":[{"damage_healed":0.0,"max_hp_gain":0.0,"max_hp_loss":0.0,"gold_gain":0.0,"event_name":"Golden Idol","player_choice":"Take Damage","floor":2.0,"gold_loss":0.0,"damage_taken":18.0,"relics_obtained":["Golden Idol"]},{"damage_healed":0.0,"max_hp_gain":0.0,"max_hp_loss":0.0,"gold_gain":75.0,"event_name":"World of Goop","player_choice":"Gather Gold","floor":3.0,"gold_loss":0.0,"damage_taken":11.0},{"damage_healed":0.0,"max_hp_gain":0.0,"max_hp_loss":0.0,"gold_gain":0.0,"event_name":"Liars Game","player_choice":"Ignored","floor":8.0,"gold_loss":0.0,"damage_taken":0.0},{"cards_removed":["Strike_P"],"damage_healed":0.0,"max_hp_gain":0.0,"max_hp_loss":0.0,"gold_gain":0.0,"event_name":"The Cleric","player_choice":"Card Removal","floor":14.0,"gold_loss":50.0,"damage_taken":0.0},{"damage_healed":0.0,"max_hp_gain":0.0,"max_hp_loss":0.0,"gold_gain":0.0,"event_name":"Forgotten Altar","player_choice":"Gave Idol","floor":22.0,"relics_lost":["Golden Idol"],"gold_loss":0.0,"damage_taken":0.0,"relics_obtained":["Bloody Idol"]},{"damage_healed":0,"gold_gain":0,"player_choice":"Fight","damage_taken":0,"max_hp_gain":0,"max_hp_loss":0,"event_name":"Colosseum","floor":31,"gold_loss":0},{"damage_healed":0,"gold_gain":0,"player_choice":"Fled From Nobs","damage_taken":0,"max_hp_gain":0,"max_hp_loss":0,"event_name":"Colosseum","floor":31,"gold_loss":0}],"is_beta":false,"boss_relics":[{"not_picked":["Tiny House","Fusion Hammer"],"picked":"SacredBark"}],"items_purged_floors":[13,28],"is_endless":false,"potions_floor_spawned":[4,7,16,18,19,20,23,31],"killed_by":"Champ","ascension_level":6}