{"gold_per_floor":[114,114,133,153,153,153,182,246,246,279,59,59,11,22,22,122,122,132,148,148,48,75,75,105,120,144,154,154,154,168,43,43,148,148,158,175,175,195,124,157,157,189,214,225,242,256,106,106],"floor_reached":48,"playtime":1519,"items_purged":["Strike_P","Strike_P","Defend_P","Wallop"],"score":833,"play_id":"1939808f-1a77-4f8c-a06f-d606c7027017","local_time":"20240125200131","is_ascension_mode":true,"campfire_choices":[{"data":"Eruption","floor":6.0,"key":"SMITH"},{"floor":12.0,"key":"REST"},{"data":"Adaptation","floor":15.0,"key":"SMITH"},{"data":"EmptyMind","floor":23.0,"key":"SMITH"},{"data":"MentalFortress","floor":29.0,"key":"SMITH"},{"floor":32.0,"key":"REST"}],"neow_cost":"TEN_PERCENT_HP_LOSS","seed_source_timestamp":7285678244500,"circlet_count":0,"master_deck":["Eruption+1","Vigilance","Vault","Consecrate","BattleHymn","BowlingBash","EmptyMind+1","Adaptation+1","Halt","Vault","DeceiveReality","Prostrate","DeusExMachina","FearNoEvil","MentalFortress+1","Ragnarok","Wallop","Adaptation","Pray","Pray"],"special_seed":0,"relics":["PureWater","Ginger","Happy Flower","Lizard Tail","Darkstone Periapt","Orrery","SlaversCollar","Red Mask","Bag of Preparation","Bag of Marbles","Pandora\u0027s Box","TeardropLocket","Molten Egg 2","CloakClasp"],"potions_floor_usage":[48],"damage_taken":[{"damage":2.0,"enemies":"Jaw Worm","floor":1.0,"turns":3.0},{"damage":4.0,"enemies":"2 Louse","floor":3.0,"turns":2.0},{"damage":3.0,"enemies":"Small Slimes","floor":4.0,"turns":4.0},{"damage":2.0,"enemies":"3 Sentries","floor":7.0,"turns":5.0},{"damage":40.0,"enemies":"Lagavulin Event","floor":8.0,"turns":4.0},{"damage":2.0,"enemies":"Lagavulin","floor":10.0,"turns":6.0},{"damage":7.0,"enemies":"3 Louse","floor":14.0,"turns":5.0},{"damage":1.0,"enemies":"The Guardian","floor":16.0,"turns":12.0},{"damage":17.0,"enemies":"Chosen","floor":18.0,"turns":8.0},{"damage":5.0,"enemies":"Spheric Guardian","floor":19.0,"turns":4.0},{"damage":5.0,"enemies":"Masked Bandits","floor":22.0,"turns":5.0},{"damage":8.0,"enemies":"Gremlin Leader","floor":24.0,"turns":5.0},{"damage":0.0,"enemies":"Centurion and Healer","floor":25.0,"turns":4.0},{"damage":7.0,"enemies":"3 Cultists","floor":27.0,"turns":4.0},{"damage":5.0,"enemies":"Snecko","floor":30.0,"turns":6.0},{"damage":3.0,"enemies":"Collector","floor":33.0,"turns":7.0},{"damage":3.0,"enemies":"3 Darklings","floor":35.0,"turns":5.0},{"damage":1.0,"enemies":"3 Shapes","floor":36.0,"turns":7.0},{"damage":3.0,"enemies":"Jaw Worm Horde","floor":38.0,"turns":4.0},{"damage":0.0,"enemies":"Giant Head","floor":40.0,"turns":7.0},{"damage":35.0,"enemies":"Nemesis","floor":42.0,"turns":6.0},{"damage":0.0,"enemies":"3 Darklings","floor":44.0,"turns":4.0},{"damage":8.0,"enemies":"Sphere and 2 Shapes","floor":45.0,"turns":5.0},{"damage":0.0,"enemies":"Transient","floor":46.0,"turns":7.0},{"damage":0,"enemies":"3 Darklings","floor":48,"turns":2}],"seed_played":"-9132589615160052496","potions_obtained":[{"floor":4.0,"key":"CultistPotion"},{"floor":7.0,"key":"Swift Potion"},{"floor":16.0,"key":"Strength Potion"},{"floor":18.0,"key":"Swift Potion"},{"floor":22.0,"key":"DistilledChaos"},{"floor":27.0,"key":"Weak Potion"},{"floor":33.0,"key":"Strength Potion"},{"floor":38.0,"key":"FearPotion"},{"floor":40.0,"key":"Dexterity Potion"},{"floor":42.0,"key":"Weak Potion"},{"floor":46.0,"key":"BottledMiracle"}],"is_trial":false,"path_per_floor":["M","?","M","M","?","R","E","?","T","E","$","R","$","M","R","B",null,"M","M","?","$","?","R","E","M","T","M","?","R","M","$","R","B",null,"M","M","T","M","$","E","?","E","T","M","M","M","$","M"],"character_chosen":"WATCHER","basemod:card_modifiers":[null,null,null,null,null,null,null,null,null,null,null,null,null,null,null,null,null,null,null,null],"items_purchased":["Orrery","Prostrate","Pray"],"campfire_rested":2,"item_purchase_floors":[11,13,39],"current_hp_per_floor":[63,63,59,56,49,49,47,7,7,5,5,24,24,17,17,16,53,36,31,31,31,26,26,18,18,18,11,11,11,6,6,25,22,54,51,50,50,47,47,47,47,12,12,12,4,4,4,4],"gold":106,"neow_bonus":"THREE_RARE_CARDS","is_prod":false,"is_daily":false,"chose_seed":false,"campfire_upgraded":4,"win_rate":0,"timestamp":1706180491,"path_taken":["M","?","M","M","?","R","E","?","T","E","$","R","$","M","R","BOSS","M","M","?","$","?","R","E","M","T","M","?","R","?","?","R","BOSS","M","M","?","M","$","E","?","E","T","M","M","M","$","M"],"build_version":"2022-12-18","purchased_purges":4,"victory":false,"max_hp_per_floor":[65,65,65,65,65,65,65,65,65,65,65,65,65,65,65,65,65,65,65,65,65,65,65,65,65,65,65,65,65,65,65,65,65,65,65,65,65,65,65,65,65,65,65,65,65,65,65,65],"relic_stats":{"Darkstone Periapt":0,"Lizard Tail":0,"Happy Flower":[37],"counters":[25,131],"Pandora\u0027s Box":["Ragnarok","Wallop","Adaptation","Wallop"],"Bag of Preparation":[27],"CloakClasp":[59],"Ginger":[14],"PureWater":[16],"obtain_stats":[{"Darkstone Periapt":10,"Happy Flower":8,"Bag of Preparation":24,"CloakClasp":42,"Ginger":7,"TeardropLocket":37,"SlaversCollar":17,"Lizard Tail":9,"Orrery":11,"Pandora\u0027s Box":34,"Molten Egg 2":40,"Red Mask":22,"Bag of Marbles":26,"PureWater":0},{"Darkstone Periapt":6,"Happy Flower":5,"Bag of Preparation":12,"CloakClasp":21,"Ginger":4,"TeardropLocket":18,"SlaversCollar":8,"Lizard Tail":5,"Orrery":6,"Pandora\u0027s Box":16,"Molten Egg 2":20,"Red Mask":11,"Bag of Marbles":13,"PureWater":0},{"Darkstone Periapt":24,"Happy Flower":18,"Bag of Preparation":63,"CloakClasp":113,"Ginger":14,"TeardropLocket":96,"SlaversCollar":41,"Lizard Tail":18,"Orrery":24,"Pandora\u0027s Box":84,"Molten Egg 2":107,"Red Mask":58,"Bag of Marbles":67,"PureWater":0}]},"card_choices":[{"not_picked":["Brilliance","Establishment"],"picked":"Vault","floor":0.0},{"not_picked":["Protect","Collect"],"picked":"Consecrate","floor":1.0},{"not_picked":["FlurryOfBlows","Halt"],"picked":"BattleHymn","floor":3.0},{"not_picked":["Conclude","JustLucky"],"picked":"BowlingBash","floor":4.0},{"not_picked":["BowlingBash","JustLucky","EmptyBody"],"picked":"SKIP","floor":7.0},{"not_picked":["Wireheading","Halt"],"picked":"EmptyMind","floor":8.0},{"not_picked":["Protect","CutThroughFate","Wireheading"],"picked":"SKIP","floor":10.0},{"not_picked":["WreathOfFlame","Prostrate"],"picked":"Adaptation","floor":11.0},{"not_picked":["FlurryOfBlows","FlyingSleeves"],"picked":"Halt","floor":11.0},{"not_picked":["EmptyFist","Wish"],"picked":"Vault","floor":11.0},{"not_picked":["Alpha","Perseverance"],"picked":"DeceiveReality","floor":11.0},{"not_picked":["FlyingSleeves","TalkToTheHand","WreathOfFlame"],"picked":"SKIP","floor":14.0},{"not_picked":["Vault","MasterReality"],"picked":"DeusExMachina","floor":16.0},{"not_picked":["Consecrate","Study","BowlingBash+1"],"picked":"SKIP","floor":18.0},{"not_picked":["WindmillStrike","Consecrate"],"picked":"FearNoEvil","floor":19.0},{"not_picked":["FearNoEvil","FlurryOfBlows+1","Vengeance+1"],"picked":"SKIP","floor":24.0},{"not_picked":["SashWhip","LikeWater+1","BowlingBash"],"picked":"SKIP","floor":25.0},{"not_picked":["FollowUp","Indignation"],"picked":"MentalFortress","floor":27.0},{"not_picked":["Consecrate","FlurryOfBlows+1","SandsOfTime"],"picked":"SKIP","floor":30.0},{"not_picked":["FollowUp+1","Vengeance+1","PathToVictory"],"picked":"SKIP","floor":35.0},{"not_picked":["PathToVictory","WindmillStrike","ForeignInfluence"],"picked":"SKIP","floor":36.0},{"not_picked":["ForeignInfluence+1","Evaluate","FearNoEvil+1"],"picked":"SKIP","floor":38.0},{"not_picked":["JustLucky+1","Wireheading+1","WreathOfFlame+1"],"picked":"SKIP","floor":40.0},{"not_picked":["ThirdEye","Weave+1"],"picked":"Pray","floor":42.0},{"not_picked":["FlyingSleeves+1","FollowUp+1","TalkToTheHand+1"],"picked":"SKIP","floor":44.0},{"not_picked":["EmptyFist+1","ClearTheMind","Crescendo"],"picked":"SKIP","floor":45.0},{"not_picked":["FlurryOfBlows+1","Vengeance","FollowUp+1"],"picked":"SKIP","floor":46.0}],"player_experience":568911,"relics_obtained":[{"floor":7.0,"key":"Ginger"},{"floor":8.0,"key":"Happy Flower"},{"floor":9.0,"key":"Lizard Tail"},{"floor":10.0,"key":"Darkstone Periapt"},{"floor":22.0,"key":"Red Mask"},{"floor":24.0,"key":"Bag of Preparation"},{"floor":26.0,"key":"Bag of Marbles"},{"floor":37.0,"key":"TeardropLocket"},{"floor":40.0,"key":"Molten Egg 2"},{"floor":42.0,"key":"CloakClasp"}],"event_choices":[{"damage_healed":0.0,"max_hp_gain":0.0,"max_hp_loss":0.0,"gold_gain":0.0,"event_name":"Liars Game","player_choice":"Ignored","floor":2.0,"gold_loss":0.0,"damage_taken":0.0},{"cards_removed":["Strike_P"],"damage_healed":0.0,"max_hp_gain":0.0,"max_hp_loss":0.0,"gold_gain":0.0,"event_name":"Golden Wing","player_choice":"Card Removal","floor":5.0,"gold_loss":0.0,"damage_taken":7.0},{"damage_healed":0.0,"max_hp_gain":0.0,"max_hp_loss":0.0,"gold_gain":30.0,"event_name":"Dead Adventurer","player_choice":"Searched \u00272\u0027 times","floor":8.0,"gold_loss":0.0,"damage_taken":0.0},{"damage_healed":0.0,"max_hp_gain":0.0,"max_hp_loss":0.0,"gold_gain":0.0,"event_name":"Masked Bandits","player_choice":"Fought Bandits","floor":22.0,"gold_loss":0.0,"damage_taken":0.0},{"damage_healed":0.0,"max_hp_gain":0.0,"max_hp_loss":0.0,"gold_gain":0.0,"event_name":"Match and Keep!","player_choice":"0 cards matched","floor":28.0,"gold_loss":0.0,"damage_taken":0.0,"cards_obtained":[]},{"damage_healed":0.0,"max_hp_gain":0.0,"max_hp_loss":0.0,"gold_gain":0.0,"event_name":"The Woman in Blue","player_choice":"Bought 0 Potions","floor":41.0,"gold_loss":0.0,"damage_taken":0.0}],"is_beta":false,"boss_relics":[{"not_picked":["Ectoplasm","Sozu"],"picked":"SlaversCollar"},{"not_picked":["Cursed Key","Velvet Choker"],"picked":"Pandora\u0027s Box"}],"items_purged_floors":[11,21,31,47],"is_endless":false,"potions_floor_spawned":[4,7,16,18,22,27,33,38,40,42,46],"killed_by":"3 Darklings","ascension_level":8}