{"gold_per_floor":[116,116,116,116,41,41,76,76,76,76,115,140,160,180,180,308,371,392,392,120,133,154,187,187,207,262,262,262,303,303,334,334,463,463,483,201,215,134,150,186,210,246,246,290,315,339,339,339,339,339,339,339,146,186,186],"floor_reached":56,"playtime":1715,"items_purged":["Defend_P","Defend_P","Strike_P","Strike_P"],"score":1949,"play_id":"2e04ff06-098a-4934-bd5e-8392696f62ef","local_time":"20240125203422","is_ascension_mode":true,"campfire_choices":[{"data":"Eruption","floor":6.0,"key":"SMITH"},{"data":"WheelKick","floor":8.0,"key":"SMITH"},{"floor":10.0,"key":"REST"},{"data":"EmptyFist","floor":15.0,"key":"SMITH"},{"data":"Apotheosis","floor":24.0,"key":"SMITH"},{"data":"Scrawl","floor":28.0,"key":"SMITH"},{"data":"Scrawl","floor":30.0,"key":"SMITH"},{"floor":32.0,"key":"REST"},{"floor":47,"key":"RECALL"},{"data":"InnerPeace","floor":49,"key":"SMITH"},{"data":"MentalFortress","floor":52,"key":"SMITH"}],"neow_cost":"PERCENT_DAMAGE","seed_source_timestamp":9148607570000,"circlet_count":0,"master_deck":["Defend_P","Defend_P","Eruption+1","Vigilance","Brilliance+1","WheelKick+1","CrushJoints","InnerPeace+1","Scrawl+1","Apotheosis+1","Adaptation","Adaptation","Scrawl+1","MentalFortress+1"],"special_seed":0,"relics":["PureWater","Golden Idol","Blood Vial","Pen Nib","Akabeko","Tiny House","Toy Ornithopter","Happy Flower","MealTicket","InkBottle","VioletLotus","Lantern","Toxic Egg 2","White Beast Statue","Smiling Mask","OrangePellets","TeardropLocket"],"potions_floor_usage":[44,55,55],"damage_taken":[{"damage":0.0,"enemies":"Small Slimes","floor":1.0,"turns":3.0},{"damage":0.0,"enemies":"Lagavulin","floor":7.0,"turns":2.0},{"damage":16.0,"enemies":"Gremlin Nob","floor":11.0,"turns":3.0},{"damage":0.0,"enemies":"Cultist","floor":12.0,"turns":2.0},{"damage":0.0,"enemies":"2 Louse","floor":13.0,"turns":2.0},{"damage":0.0,"enemies":"Looter","floor":14.0,"turns":1.0},{"damage":0.0,"enemies":"Slime Boss","floor":16.0,"turns":2.0},{"damage":4.0,"enemies":"Chosen","floor":18.0,"turns":3.0},{"damage":0.0,"enemies":"Shell Parasite","floor":21.0,"turns":1.0},{"damage":0.0,"enemies":"Snake Plant","floor":22.0,"turns":2.0},{"damage":9.0,"enemies":"Book of Stabbing","floor":23.0,"turns":2.0},{"damage":4.0,"enemies":"Cultist and Chosen","floor":25.0,"turns":3.0},{"damage":18.0,"enemies":"Gremlin Leader","floor":29.0,"turns":3.0},{"damage":23.0,"enemies":"Slavers","floor":31.0,"turns":3.0},{"damage":24,"enemies":"Automaton","floor":33,"turns":3},{"damage":21,"enemies":"3 Darklings","floor":35,"turns":4},{"damage":3,"enemies":"Orb Walker","floor":37,"turns":2},{"damage":0,"enemies":"3 Darklings","floor":39,"turns":1},{"damage":0,"enemies":"Giant Head","floor":40,"turns":2},{"damage":0,"enemies":"Transient","floor":41,"turns":2},{"damage":0,"enemies":"Reptomancer","floor":42,"turns":2},{"damage":0,"enemies":"Nemesis","floor":44,"turns":1},{"damage":0,"enemies":"Writhing Mass","floor":45,"turns":2},{"damage":0,"enemies":"4 Shapes","floor":46,"turns":1},{"damage":11,"enemies":"Awakened One","floor":50,"turns":3},{"damage":0,"enemies":"Shield and Spear","floor":54,"turns":1},{"damage":54,"enemies":"The Heart","floor":55,"turns":4}],"seed_played":"2779930443383682543","potions_obtained":[{"floor":1.0,"key":"FearPotion"},{"floor":14.0,"key":"Dexterity Potion"},{"floor":16.0,"key":"FearPotion"},{"floor":17.0,"key":"StancePotion"},{"floor":18.0,"key":"AttackPotion"},{"floor":25.0,"key":"Swift Potion"},{"floor":29.0,"key":"GamblersBrew"},{"floor":35,"key":"PowerPotion"},{"floor":37,"key":"GamblersBrew"},{"floor":40,"key":"SkillPotion"},{"floor":44,"key":"Block Potion"},{"floor":45,"key":"Swift Potion"},{"floor":46,"key":"DuplicationPotion"}],"is_trial":false,"path_per_floor":["M","?","?","?","$","R","E","R","T","R","E","M","M","M","R","B",null,"M","?","$","M","M","E","R","M","T","?","R","E","R","E","R","B",null,"M","$","M","$","M","E","M","E","T","E","M","M","R","?","R","B",null,"R","$","E","B",null],"character_chosen":"WATCHER","basemod:card_modifiers":[null,null,null,null,null,null,null,null,null,null,null,null,null,null],"items_purchased":["Apotheosis","Lantern","MentalFortress","OrangePellets"],"campfire_rested":2,"item_purchase_floors":[20,36,38,53],"current_hp_per_floor":[47,29,22,22,22,22,22,22,22,43,29,31,33,35,35,37,68,66,66,66,68,70,63,63,61,61,61,61,50,50,39,62,40,68,49,64,63,77,77,77,77,77,77,77,77,77,77,77,77,66,74,74,77,77,25],"gold":186,"neow_bonus":"THREE_RARE_CARDS","is_prod":false,"is_daily":false,"chose_seed":false,"campfire_upgraded":8,"win_rate":0,"timestamp":1706182462,"path_taken":["M","?","?","?","$","R","E","R","T","R","E","M","M","M","R","BOSS","M","?","$","M","M","E","R","?","T","?","R","E","R","E","R","BOSS","M","$","M","$","M","E","M","E","T","E","M","M","R","?","R","BOSS","R","$","E","BOSS"],"build_version":"2022-12-18","purchased_purges":4,"victory":true,"max_hp_per_floor":[72,72,72,72,72,72,72,72,72,72,72,72,72,72,72,72,77,77,77,77,77,77,77,77,77,77,77,77,77,77,77,77,77,77,77,77,77,77,77,77,77,77,77,77,77,77,77,77,77,77,77,77,77,77,77],"relic_stats":{"Happy Flower":[11],"counters":[27,60],"Golden Idol":235,"Pen Nib":[41],"Smiling Mask":100,"White Beast Statue":[0.0,0.0,0.0,0.4,0.0,0.6000000000000001,0.0,0.0,0.0,0.0,0.0,1.6560000000000001],"Blood Vial":30,"OrangePellets":[0],"MealTicket":32,"VioletLotus":[266],"PureWater":[31],"obtain_stats":[{"Lantern":36,"Tiny House":17,"Happy Flower":26,"Golden Idol":2,"Pen Nib":9,"TeardropLocket":54,"Smiling Mask":44,"Akabeko":11,"White Beast Statue":42,"Blood Vial":7,"OrangePellets":53,"MealTicket":29,"VioletLotus":34,"PureWater":0,"Toxic Egg 2":40,"Toy Ornithopter":23,"InkBottle":31},{"Lantern":16,"Tiny House":7,"Happy Flower":12,"Golden Idol":1,"Pen Nib":2,"TeardropLocket":26,"Smiling Mask":22,"Akabeko":3,"White Beast Statue":21,"Blood Vial":2,"OrangePellets":25,"MealTicket":13,"VioletLotus":15,"PureWater":0,"Toxic Egg 2":19,"Toy Ornithopter":11,"InkBottle":14},{"Lantern":39,"Tiny House":15,"Happy Flower":26,"Golden Idol":3,"Pen Nib":5,"TeardropLocket":56,"Smiling Mask":49,"Akabeko":8,"White Beast Statue":48,"Blood Vial":5,"OrangePellets":55,"MealTicket":29,"VioletLotus":35,"PureWater":0,"Toxic Egg 2":44,"Toy Ornithopter":23,"InkBottle":32}],"Toy Ornithopter":17,"InkBottle":[48]},"card_choices":[{"not_picked":["DevaForm","Establishment"],"picked":"Brilliance","floor":0.0},{"not_picked":["CrushJoints","Worship"],"picked":"WheelKick","floor":1.0},{"not_picked":["JustLucky","PathToVictory"],"picked":"CrushJoints","floor":7.0},{"not_picked":["BowlingBash","Prostrate"],"picked":"EmptyFist","floor":11.0},{"not_picked":["Perseverance","ClearTheMind","Alpha"],"picked":"SKIP","floor":12.0},{"not_picked":["ClearTheMind","Crescendo","JustLucky"],"picked":"SKIP","floor":13.0},{"not_picked":["FlyingSleeves","Weave"],"picked":"InnerPeace","floor":14.0},{"not_picked":["Judgement","Omniscience"],"picked":"Scrawl","floor":16.0},{"not_picked":["Protect","ReachHeaven+1","CrushJoints"],"picked":"SKIP","floor":18.0},{"not_picked":["BattleHymn+1","FlyingSleeves"],"picked":"Adaptation","floor":21.0},{"not_picked":["Halt+1","Protect"],"picked":"Adaptation","floor":22.0},{"not_picked":["SashWhip","EmptyBody+1","Adaptation"],"picked":"SKIP","floor":23.0},{"not_picked":["Protect","SashWhip+1","CrushJoints"],"picked":"SKIP","floor":25.0},{"not_picked":["Protect","Brilliance"],"picked":"Scrawl","floor":29.0},{"not_picked":["Protect+1","BowlingBash","ThirdEye"],"picked":"SKIP","floor":31.0},{"not_picked":["ClearTheMind+1","ThirdEye+1","Prostrate+1"],"picked":"SKIP","floor":35},{"not_picked":["BowlingBash+1","FlurryOfBlows","EmptyFist+1"],"picked":"SKIP","floor":37},{"not_picked":["EmptyFist","SashWhip+1","Blasphemy"],"picked":"SKIP","floor":39},{"not_picked":["CrushJoints+1","Evaluate+1","Fasting2+1"],"picked":"SKIP","floor":40},{"not_picked":["CrushJoints","Sanctity+1","FollowUp+1"],"picked":"SKIP","floor":41},{"not_picked":["Crescendo+1","ReachHeaven","CutThroughFate+1"],"picked":"SKIP","floor":42},{"not_picked":["SandsOfTime","Nirvana","CutThroughFate+1"],"picked":"SKIP","floor":44},{"not_picked":["DeceiveReality+1","FollowUp+1","WaveOfTheHand+1"],"picked":"SKIP","floor":45},{"not_picked":["SashWhip+1","CarveReality","EmptyFist+1"],"picked":"SKIP","floor":46},{"not_picked":["Pray+1","PathToVictory+1","BattleHymn"],"picked":"SKIP","floor":54}],"player_experience":570430,"relics_obtained":[{"floor":7.0,"key":"Blood Vial"},{"floor":9.0,"key":"Pen Nib"},{"floor":11.0,"key":"Akabeko"},{"floor":23.0,"key":"Toy Ornithopter"},{"floor":26.0,"key":"Happy Flower"},{"floor":29.0,"key":"MealTicket"},{"floor":31.0,"key":"InkBottle"},{"floor":40,"key":"Toxic Egg 2"},{"floor":42,"key":"White Beast Statue"},{"floor":44,"key":"Smiling Mask"},{"floor":54,"key":"TeardropLocket"}],"event_choices":[{"damage_healed":0.0,"max_hp_gain":0.0,"max_hp_loss":0.0,"gold_gain":0.0,"event_name":"Golden Idol","player_choice":"Take Damage","floor":2.0,"gold_loss":0.0,"damage_taken":18.0,"relics_obtained":["Golden Idol"]},{"cards_removed":["Strike_P"],"damage_healed":0.0,"max_hp_gain":0.0,"max_hp_loss":0.0,"gold_gain":0.0,"event_name":"Golden Wing","player_choice":"Card Removal","floor":3.0,"gold_loss":0.0,"damage_taken":7.0},{"damage_healed":0.0,"max_hp_gain":0.0,"max_hp_loss":0.0,"gold_gain":0.0,"event_name":"Shining Light","player_choice":"Ignored","floor":4.0,"gold_loss":0.0,"damage_taken":0.0},{"cards_removed":["Strike_P"],"damage_healed":0.0,"max_hp_gain":0.0,"max_hp_loss":0.0,"gold_gain":0.0,"event_name":"Bonfire Elementals","player_choice":"Offered Basic","floor":19.0,"gold_loss":0.0,"damage_taken":0.0},{"damage_healed":0.0,"max_hp_gain":0.0,"max_hp_loss":0.0,"gold_gain":0.0,"event_name":"The Mausoleum","player_choice":"Ignored","floor":27.0,"gold_loss":0.0,"damage_taken":0.0},{"cards_removed":["EmptyFist"],"damage_healed":0,"gold_gain":0,"player_choice":"Removed Attack","damage_taken":0,"max_hp_gain":0,"max_hp_loss":0,"event_name":"Falling","floor":48,"gold_loss":0}],"is_beta":false,"boss_relics":[{"not_picked":["Sozu","Busted Crown"],"picked":"Tiny House"},{"not_picked":["Pandora\u0027s Box","Cursed Key"],"picked":"VioletLotus"}],"items_purged_floors":[5,20,36,53],"is_endless":false,"potions_floor_spawned":[1,14,16,18,25,29,35,37,40,44,45,46,54],"ascension_level":8}