{"gold_per_floor":[16,29,42,55,67,67,96,96,123,167,167,192,213,229,229,352,352,365,290,290,290,490,490,510,510,579,704,704,604,628,644,644,763,763,782,882,895,770,795,795,836,836,836,215,230,230,243,282,282,282,282,282,28,59,59],"floor_reached":56,"playtime":1644,"items_purged":["Strike_B","Defend_B","Defend_B","Strike_B","Defend_B"],"score":1624,"play_id":"330f57e0-81aa-458b-af39-82be6948e6c7","local_time":"20240126141957","is_ascension_mode":true,"campfire_choices":[{"data":"Barrage","floor":6.0,"key":"SMITH"},{"data":"Beam Cell","floor":11.0,"key":"SMITH"},{"data":"Capacitor","floor":15.0,"key":"SMITH"},{"data":"Coolheaded","floor":23.0,"key":"SMITH"},{"data":"Turbo","floor":25.0,"key":"SMITH"},{"floor":32.0,"key":"REST"},{"data":"Rainbow","floor":40.0,"key":"SMITH"},{"floor":42.0,"key":"RECALL"},{"floor":49.0,"key":"REST"},{"floor":52,"key":"REST"}],"neow_cost":"NO_GOLD","seed_source_timestamp":4925683801800,"circlet_count":0,"master_deck":["Defend_B","Zap","Dualcast","Rainbow+1","Barrage+1","Compile Driver","Conserve Battery","Beam Cell+1","Doom and Gloom","Capacitor+1","Meteor Strike","Coolheaded+1","Ghostly","Ghostly","Ghostly","Ghostly","Ghostly","Thunder Strike","White Noise","Turbo+1","Undo","Coolheaded","Turbo","Doom and Gloom+1","Echo Form","Coolheaded+1","Recycle+1"],"special_seed":0,"relics":["Cracked Core","Mercury Hourglass","Golden Idol","Bronze Scales","Happy Flower","Inserter","StoneCalendar","Shuriken","Dream Catcher","Snecko Eye","Anchor","StrikeDummy","TheAbacus","Pear","MealTicket","Bottled Tornado"],"potions_floor_usage":[50,55,55,55],"damage_taken":[{"damage":0.0,"enemies":"Cultist","floor":1.0,"turns":3.0},{"damage":0.0,"enemies":"Small Slimes","floor":2.0,"turns":2.0},{"damage":0.0,"enemies":"2 Louse","floor":3.0,"turns":1.0},{"damage":1.0,"enemies":"2 Fungi Beasts","floor":4.0,"turns":3.0},{"damage":6.0,"enemies":"3 Louse","floor":5.0,"turns":4.0},{"damage":16.0,"enemies":"Gremlin Nob","floor":7.0,"turns":3.0},{"damage":8.0,"enemies":"3 Sentries","floor":10.0,"turns":4.0},{"damage":11.0,"enemies":"Lots of Slimes","floor":12.0,"turns":2.0},{"damage":0.0,"enemies":"Exordium Wildlife","floor":13.0,"turns":1.0},{"damage":8.0,"enemies":"Blue Slaver","floor":14.0,"turns":2.0},{"damage":0.0,"enemies":"Hexaghost","floor":16.0,"turns":7.0},{"damage":17.0,"enemies":"Spheric Guardian","floor":18.0,"turns":4.0},{"damage":3.0,"enemies":"3 Byrds","floor":24.0,"turns":3.0},{"damage":2.0,"enemies":"Colosseum Slavers","floor":27.0,"turns":5.0},{"damage":0.0,"enemies":"Colosseum Nobs","floor":27.0,"turns":6.0},{"damage":3.0,"enemies":"Snake Plant","floor":30.0,"turns":5.0},{"damage":11.0,"enemies":"Snecko","floor":31.0,"turns":4.0},{"damage":21.0,"enemies":"Collector","floor":33.0,"turns":8.0},{"damage":0.0,"enemies":"3 Shapes","floor":35.0,"turns":4.0},{"damage":1.0,"enemies":"Orb Walker","floor":37.0,"turns":4.0},{"damage":0.0,"enemies":"Transient","floor":39.0,"turns":5.0},{"damage":0.0,"enemies":"Nemesis","floor":41.0,"turns":7.0},{"damage":0.0,"enemies":"Spire Growth","floor":45.0,"turns":5.0},{"damage":1.0,"enemies":"Writhing Mass","floor":47.0,"turns":5.0},{"damage":0.0,"enemies":"Reptomancer","floor":48.0,"turns":5.0},{"damage":12,"enemies":"Donu and Deca","floor":50,"turns":7},{"damage":0,"enemies":"Shield and Spear","floor":54,"turns":4},{"damage":22,"enemies":"The Heart","floor":55,"turns":8}],"seed_played":"-4443554653315692577","potions_obtained":[{"floor":3.0,"key":"Strength Potion"},{"floor":4.0,"key":"Weak Potion"},{"floor":7.0,"key":"Explosive Potion"},{"floor":12.0,"key":"Explosive Potion"},{"floor":14.0,"key":"FocusPotion"},{"floor":16.0,"key":"DuplicationPotion"},{"floor":18.0,"key":"FocusPotion"},{"floor":30.0,"key":"LiquidBronze"},{"floor":31.0,"key":"EntropicBrew"},{"floor":54,"key":"Dexterity Potion"}],"is_trial":false,"path_per_floor":["M","M","M","M","M","R","E","?","T","E","R","M","M","M","R","B",null,"M","$","?","?","?","R","M","R","T","?","T","$","M","M","R","B",null,"M","?","M","$","M","R","E","R","T","$","M","?","M","E","R","B",null,"R","$","E","B",null],"character_chosen":"DEFECT","basemod:card_modifiers":[null,null,null,null,null,null,null,null,null,null,null,null,null,null,null,null,null,null,null,null,null,null,null,null,null,null,null],"items_purchased":["Echo Form","TheAbacus","Pear","LiquidBronze"],"campfire_rested":3,"item_purchase_floors":[44,44,44,53],"current_hp_per_floor":[75,75,75,74,68,68,52,34,34,26,26,15,15,7,7,7,58,41,41,37,37,37,37,34,34,34,32,32,32,29,18,29,8,30,30,30,29,29,29,29,29,29,29,39,39,29,28,28,42,30,43,47,47,47,25],"gold":59,"neow_bonus":"THREE_RARE_CARDS","is_prod":false,"is_daily":false,"chose_seed":false,"campfire_upgraded":6,"win_rate":0,"timestamp":1706246397,"path_taken":["M","M","?","M","M","R","E","?","T","E","R","M","M","M","R","BOSS","M","$","?","?","?","R","?","R","T","?","?","$","M","M","R","BOSS","M","?","M","$","?","R","E","R","T","$","M","?","M","E","R","BOSS","R","$","E","BOSS"],"build_version":"2022-12-18","purchased_purges":5,"victory":true,"max_hp_per_floor":[75,75,75,75,75,75,75,75,75,75,75,75,75,75,75,75,75,75,75,37,37,37,37,37,37,37,37,37,37,37,37,37,37,37,37,37,37,37,37,37,37,37,37,47,47,47,47,47,47,47,47,47,47,47,47],"relic_stats":{"Inserter":[44],"Happy Flower":[33],"counters":[28,118],"Golden Idol":199,"StoneCalendar":[140],"Bottled Tornado":"Echo Form","Mercury Hourglass":[414],"Dream Catcher":3,"TheAbacus":[54],"Shuriken":[16],"Bronze Scales":[416],"Snecko Eye":[116,102,88,108,-59],"MealTicket":0,"obtain_stats":[{"Inserter":17,"Pear":44,"Happy Flower":10,"Golden Idol":8,"StoneCalendar":27,"Bottled Tornado":54,"Mercury Hourglass":7,"Dream Catcher":28,"Anchor":41,"TheAbacus":44,"Shuriken":27,"Bronze Scales":9,"Snecko Eye":34,"MealTicket":48,"Cracked Core":0,"StrikeDummy":43},{"Inserter":11,"Pear":22,"Happy Flower":7,"Golden Idol":6,"StoneCalendar":15,"Bottled Tornado":27,"Mercury Hourglass":6,"Dream Catcher":15,"Anchor":22,"TheAbacus":22,"Shuriken":15,"Bronze Scales":6,"Snecko Eye":18,"MealTicket":25,"Cracked Core":0,"StrikeDummy":22},{"Inserter":31,"Pear":84,"Happy Flower":19,"Golden Idol":16,"StoneCalendar":48,"Bottled Tornado":110,"Mercury Hourglass":16,"Dream Catcher":48,"Anchor":84,"TheAbacus":84,"Shuriken":48,"Bronze Scales":16,"Snecko Eye":65,"MealTicket":99,"Cracked Core":0,"StrikeDummy":84}]},"card_choices":[{"not_picked":["Fission","Amplify"],"picked":"Rainbow","floor":0.0},{"not_picked":["FTL","Steam"],"picked":"Barrage","floor":1.0},{"not_picked":["Rebound","Leap"],"picked":"Compile Driver","floor":2.0},{"not_picked":["Tempest","Stack"],"picked":"Conserve Battery","floor":3.0},{"not_picked":["Leap","Amplify","Barrage"],"picked":"SKIP","floor":4.0},{"not_picked":["Melter","Steam"],"picked":"Beam Cell","floor":5.0},{"not_picked":["Barrage","Leap","Beam Cell"],"picked":"SKIP","floor":7.0},{"not_picked":["Leap","Coolheaded"],"picked":"Doom and Gloom","floor":10.0},{"not_picked":["Recycle","Aggregate","Force Field"],"picked":"SKIP","floor":12.0},{"not_picked":["Stack","Barrage"],"picked":"Capacitor","floor":13.0},{"not_picked":["Turbo","Conserve Battery","Reinforced Body"],"picked":"SKIP","floor":14.0},{"not_picked":["Machine Learning","Creative AI"],"picked":"Meteor Strike","floor":16.0},{"not_picked":["Conserve Battery","Go for the Eyes"],"picked":"Coolheaded","floor":18.0},{"not_picked":["Sweeping Beam","Aggregate"],"picked":"Turbo","floor":24.0},{"not_picked":["Go for the Eyes","Hologram"],"picked":"Undo","floor":30.0},{"not_picked":["Capacitor","Leap+1"],"picked":"Coolheaded","floor":31.0},{"not_picked":["Reinforced Body","Leap"],"picked":"Turbo","floor":32.0},{"not_picked":["Compile Driver+1","Lockon+1","Gash"],"picked":"SKIP","floor":35.0},{"not_picked":["Steam","Turbo"],"picked":"Doom and Gloom+1","floor":37.0},{"not_picked":["Fusion","Gash","Stack"],"picked":"SKIP","floor":39.0},{"not_picked":["Streamline+1","Gash","Chill"],"picked":"SKIP","floor":41.0},{"not_picked":["Reinforced Body","Steam"],"picked":"Coolheaded+1","floor":45.0},{"not_picked":["Cold Snap","Ball Lightning+1","Turbo"],"picked":"SKIP","floor":47.0},{"not_picked":["Go for the Eyes","Cold Snap","Reprogram+1"],"picked":"SKIP","floor":48.0},{"not_picked":["Gash+1","Coolheaded"],"picked":"Recycle+1","floor":52},{"not_picked":["Lockon+1","Aggregate","Undo+1"],"picked":"SKIP","floor":54}],"player_experience":572145,"relics_obtained":[{"floor":7.0,"key":"Mercury Hourglass"},{"floor":9.0,"key":"Bronze Scales"},{"floor":10.0,"key":"Happy Flower"},{"floor":27.0,"key":"StoneCalendar"},{"floor":27.0,"key":"Shuriken"},{"floor":28.0,"key":"Dream Catcher"},{"floor":41.0,"key":"Anchor"},{"floor":43.0,"key":"StrikeDummy"},{"floor":48.0,"key":"MealTicket"},{"floor":54,"key":"Bottled Tornado"}],"event_choices":[{"damage_healed":0.0,"max_hp_gain":0.0,"max_hp_loss":0.0,"gold_gain":0.0,"event_name":"Golden Idol","player_choice":"Take Damage","floor":8.0,"gold_loss":0.0,"damage_taken":18.0,"relics_obtained":["Golden Idol"]},{"damage_healed":0.0,"max_hp_gain":0.0,"max_hp_loss":38.0,"gold_gain":0.0,"event_name":"Ghosts","player_choice":"Became a Ghost","floor":20.0,"gold_loss":0.0,"damage_taken":0.0,"cards_obtained":["Ghostly","Ghostly","Ghostly","Ghostly","Ghostly"]},{"damage_healed":0.0,"max_hp_gain":0.0,"max_hp_loss":0.0,"gold_gain":0.0,"cards_transformed":["Strike_B","Strike_B"],"event_name":"Drug Dealer","player_choice":"Became Test Subject","floor":21.0,"gold_loss":0.0,"damage_taken":0.0,"cards_obtained":["Thunder Strike","White Noise"]},{"damage_healed":0.0,"max_hp_gain":0.0,"max_hp_loss":0.0,"gold_gain":200.0,"event_name":"Wheel of Change","player_choice":"Gold","floor":22.0,"gold_loss":0.0,"damage_taken":0.0},{"damage_healed":0.0,"max_hp_gain":0.0,"max_hp_loss":0.0,"gold_gain":0.0,"event_name":"Colosseum","player_choice":"Fight","floor":27.0,"gold_loss":0.0,"damage_taken":0.0},{"damage_healed":0.0,"max_hp_gain":0.0,"max_hp_loss":0.0,"gold_gain":0.0,"event_name":"Colosseum","player_choice":"Fought Nobs","floor":27.0,"gold_loss":0.0,"damage_taken":0.0},{"damage_healed":0.0,"max_hp_gain":0.0,"max_hp_loss":0.0,"gold_gain":100.0,"event_name":"Golden Shrine","player_choice":"Pray","floor":36.0,"gold_loss":0.0,"damage_taken":0.0},{"damage_healed":0.0,"max_hp_gain":0.0,"max_hp_loss":0.0,"gold_gain":0.0,"event_name":"SensoryStone","player_choice":"Memory 3","floor":46.0,"gold_loss":0.0,"damage_taken":10.0}],"is_beta":false,"boss_relics":[{"not_picked":["Cursed Key","Velvet Choker"],"picked":"Inserter"},{"not_picked":["Philosopher\u0027s Stone","Black Star"],"picked":"Snecko Eye"}],"items_purged_floors":[19,29,38,44,53],"is_endless":false,"potions_floor_spawned":[3,4,7,12,14,16,18,30,31,35,37,45,54],"ascension_level":5}