{"gold_per_floor":[116,135,145,145,163,163,163],"floor_reached":7,"playtime":125,"items_purged":[],"score":86,"play_id":"f1c9dfd2-4eb6-41be-98a6-8fb5a8b95d71","local_time":"20240212161343","is_ascension_mode":true,"campfire_choices":[{"data":"Blade Dance","floor":6.0,"key":"SMITH"}],"neow_cost":"PERCENT_DAMAGE","seed_source_timestamp":11907666166700,"circlet_count":0,"master_deck":["AscendersBane","Strike_G","Strike_G","Strike_G","Strike_G","Defend_G","Defend_G","Defend_G","Defend_G","Survivor","Neutralize","Blade Dance+1","Blade Dance"],"special_seed":0,"relics":["Ring of the Snake","Golden Idol"],"potions_floor_usage":[7],"damage_taken":[{"damage":0.0,"enemies":"Cultist","floor":1.0,"turns":4.0},{"damage":2.0,"enemies":"2 Louse","floor":2.0,"turns":4.0},{"damage":1.0,"enemies":"Small Slimes","floor":3.0,"turns":3.0},{"damage":3.0,"enemies":"Blue Slaver","floor":5.0,"turns":5.0},{"damage":14,"enemies":"Gremlin Nob","floor":7,"turns":3}],"seed_played":"-67035955478719573","potions_obtained":[{"floor":1.0,"key":"SneckoOil"},{"floor":3.0,"key":"SpeedPotion"}],"is_trial":false,"path_per_floor":["M","M","M","?","M","R","E"],"character_chosen":"THE_SILENT","basemod:card_modifiers":[null,null,null,null,null,null,null,null,null,null,null,null,null],"items_purchased":[],"campfire_rested":0,"item_purchase_floors":[],"current_hp_per_floor":[44,42,41,41,38,38,24],"gold":163,"neow_bonus":"REMOVE_TWO","is_prod":false,"is_daily":false,"chose_seed":false,"campfire_upgraded":1,"win_rate":0,"timestamp":1707722023,"path_taken":["M","?","M","?","M","R","E"],"build_version":"2022-12-18","purchased_purges":0,"victory":false,"max_hp_per_floor":[66,66,66,60,60,60,60],"relic_stats":{"counters":[5,19],"Golden Idol":4,"obtain_stats":[{"Golden Idol":4,"Ring of the Snake":0},{"Golden Idol":3,"Ring of the Snake":0},{"Golden Idol":11,"Ring of the Snake":0}],"Ring of the Snake":[10]},"card_choices":[{"not_picked":["Acrobatics","Backflip","Outmaneuver"],"picked":"SKIP","floor":1.0},{"not_picked":["Crippling Poison","Dagger Spray"],"picked":"Blade Dance","floor":2.0},{"not_picked":["Backstab","Masterful Stab"],"picked":"Blade Dance","floor":3.0},{"not_picked":["Sucker Punch","Cloak And Dagger","Outmaneuver"],"picked":"SKIP","floor":5.0}],"player_experience":604422,"relics_obtained":[],"event_choices":[{"damage_healed":0.0,"max_hp_gain":0.0,"max_hp_loss":6.0,"gold_gain":0.0,"event_name":"Golden Idol","player_choice":"Lose Max HP","floor":4.0,"gold_loss":0.0,"damage_taken":0.0,"relics_obtained":["Golden Idol"]}],"is_beta":false,"boss_relics":[],"items_purged_floors":[],"is_endless":false,"potions_floor_spawned":[1,3],"killed_by":"Gremlin Nob","ascension_level":20}