{"gold_per_floor":[60,91,91,166,184,184,184,20,20,20,35,86,142,170,170,261,261,272,292,217,230,47,47,102,102,125,125,140,233,233,259,259,334,334,348,298,349,368,368,368,416,426,476,264,280,315,327,377,377,377,377,377,377,214,268,288],"floor_reached":57,"playtime":4051,"items_purged":["Strike_G","Defend_G","Defend_G","Defend_G","Strike_G+1"],"score":3529,"play_id":"712a23a9-f768-4ca3-867e-02a00f60bfcc","local_time":"20240211170524","is_ascension_mode":true,"campfire_choices":[{"data":"Reflex","floor":6,"key":"SMITH"},{"data":"Bouncing Flask","floor":10,"key":"SMITH"},{"data":"Acrobatics","floor":15,"key":"SMITH"},{"data":"Acrobatics","floor":23,"key":"SMITH"},{"data":"Reflex","floor":25,"key":"SMITH"},{"data":"Concentrate","floor":27,"key":"SMITH"},{"data":"Prepared","floor":32,"key":"SMITH"},{"floor":40,"key":"DIG"},{"floor":49,"key":"RECALL"},{"data":"Backflip","floor":53,"key":"SMITH"}],"neow_cost":"NO_GOLD","seed_source_timestamp":2025514617400,"circlet_count":0,"master_deck":["AscendersBane","Defend_G+1","Defend_G","Survivor","Neutralize","HandOfGreed","Acrobatics+1","Reflex+1","Concentrate+1","Bouncing Flask+1","Acrobatics+1","Tactician+1","Adrenaline+1","Venomology","Reflex+1","Footwork","Prepared+1","Backflip+1","CurseOfTheBell","Grand Finale","PiercingWail"],"relics":["Ring of the Snake","Meat on the Bone","Blue Candle","HoveringKite","Smiling Mask","War Paint","Strawberry","Shovel","Calling Bell","Boot","White Beast Statue","The Specimen","Incense Burner","Pear","Medical Kit","Letter Opener","Dream Catcher","Vajra"],"potions_floor_usage":[14,16,18,21,21,24,24,29,31,33,35,37,38,50,51,56],"damage_taken":[{"damage":7,"enemies":"Small Slimes","floor":1,"turns":5},{"damage":0,"enemies":"Jaw Worm","floor":2,"turns":6},{"damage":0,"enemies":"Cultist","floor":5,"turns":3},{"damage":8,"enemies":"Exordium Thugs","floor":11,"turns":4},{"damage":5,"enemies":"3 Louse","floor":12,"turns":7},{"damage":10,"enemies":"Exordium Wildlife","floor":13,"turns":6},{"damage":2,"enemies":"Gremlin Nob","floor":14,"turns":3},{"damage":0,"enemies":"Hexaghost","floor":16,"turns":7},{"damage":4,"enemies":"3 Byrds","floor":18,"turns":6},{"damage":0,"enemies":"Spheric Guardian","floor":19,"turns":3},{"damage":0,"enemies":"Snake Plant","floor":21,"turns":3},{"damage":2,"enemies":"Book of Stabbing","floor":24,"turns":4},{"damage":0,"enemies":"Snecko","floor":28,"turns":2},{"damage":1,"enemies":"Slavers","floor":29,"turns":2},{"damage":0,"enemies":"Book of Stabbing","floor":31,"turns":3},{"damage":1,"enemies":"Champ","floor":33,"turns":2},{"damage":2,"enemies":"3 Darklings","floor":35,"turns":1},{"damage":2,"enemies":"3 Shapes","floor":37,"turns":2},{"damage":2,"enemies":"Maw","floor":38,"turns":2},{"damage":2,"enemies":"Nemesis","floor":41,"turns":1},{"damage":2,"enemies":"Writhing Mass","floor":42,"turns":1},{"damage":2,"enemies":"Jaw Worm Horde","floor":45,"turns":1},{"damage":2,"enemies":"Giant Head","floor":46,"turns":1},{"damage":1,"enemies":"3 Darklings","floor":47,"turns":1},{"damage":2,"enemies":"Nemesis","floor":48,"turns":1},{"damage":2,"enemies":"Awakened One","floor":50,"turns":2},{"damage":6,"enemies":"Time Eater","floor":51,"turns":7},{"damage":1,"enemies":"Shield and Spear","floor":55,"turns":1},{"damage":17,"enemies":"The Heart","floor":56,"turns":5}],"seed_played":"-141567340995796844","potions_obtained":[{"floor":11,"key":"ColorlessPotion"},{"floor":12,"key":"Block Potion"},{"floor":13,"key":"DistilledChaos"},{"floor":14,"key":"FearPotion"},{"floor":19,"key":"ColorlessPotion"},{"floor":24,"key":"Swift Potion"},{"floor":55,"key":"Swift Potion"}],"is_trial":false,"path_per_floor":["M","M","?","?","M","R","?","$","T","R","M","M","M","E","R","B",null,"M","M","?","M","$","R","E","R","T","R","M","E","?","E","R","B",null,"M","$","M","M","?","R","E","M","T","$","M","E","M","E","R","B","B",null,"R","$","E","B",null],"character_chosen":"THE_SILENT","basemod:card_modifiers":[null,null,null,null,null,null,null,null,null,null,null,null,null,null,null,null,null,null,null,null,null],"items_purchased":["Bouncing Flask","Reflex","Medical Kit","FairyPotion"],"campfire_rested":0,"item_purchase_floors":[8,22,44,54],"current_hp_per_floor":[52,52,32,21,21,21,14,14,14,14,18,25,27,37,37,37,59,55,55,55,55,55,55,53,53,53,53,53,59,59,59,59,58,69,67,67,65,63,63,63,71,69,69,69,67,65,64,62,62,60,54,76,76,76,75,58],"gold":288,"neow_bonus":"RANDOM_COLORLESS_2","is_prod":false,"is_daily":false,"chose_seed":false,"campfire_upgraded":8,"win_rate":0,"timestamp":1707638724,"path_taken":["M","M","?","?","M","R","?","$","T","R","M","M","M","E","R","BOSS","M","M","?","M","$","R","E","R","T","R","M","E","?","E","R","BOSS","M","$","M","M","?","R","E","M","T","?","M","E","M","E","R","BOSS","BOSS","R","$","E","BOSS"],"build_version":"2022-12-18","purchased_purges":5,"victory":true,"max_hp_per_floor":[66,66,66,66,66,66,66,66,66,66,66,66,66,66,66,66,66,66,66,66,66,66,66,66,66,66,66,66,73,73,73,73,73,73,73,73,73,73,73,73,83,83,83,83,83,83,83,83,83,83,83,83,83,83,83,83],"relic_stats":{"The Specimen":[16],"counters":[29,92],"Blue Candle":[26],"HoveringKite":[44],"Letter Opener":[542],"War Paint":["Adrenaline","Tactician"],"Smiling Mask":300,"Boot":[144],"Medical Kit":[4],"White Beast Statue":[0.0,0.0,0.0,0.4,0.0,0.6000000000000001,0.0,0.0,0.0,0.0,0.0,4.467108864000002],"Dream Catcher":0,"Shovel":1,"obtain_stats":[{"Pear":41,"The Specimen":34,"Blue Candle":14,"HoveringKite":17,"Vajra":55,"Incense Burner":40,"Letter Opener":46,"War Paint":26,"Smiling Mask":24,"Boot":34,"Medical Kit":44,"White Beast Statue":34,"Calling Bell":34,"Dream Catcher":48,"Shovel":31,"Strawberry":29,"Ring of the Snake":0,"Meat on the Bone":9},{"Pear":20,"The Specimen":16,"Blue Candle":7,"HoveringKite":8,"Vajra":28,"Incense Burner":19,"Letter Opener":23,"War Paint":12,"Smiling Mask":12,"Boot":16,"Medical Kit":21,"White Beast Statue":16,"Calling Bell":16,"Dream Catcher":25,"Shovel":15,"Strawberry":14,"Ring of the Snake":0,"Meat on the Bone":3},{"Pear":72,"The Specimen":66,"Blue Candle":34,"HoveringKite":41,"Vajra":87,"Incense Burner":71,"Letter Opener":75,"War Paint":57,"Smiling Mask":57,"Boot":66,"Medical Kit":73,"White Beast Statue":66,"Calling Bell":66,"Dream Catcher":77,"Shovel":64,"Strawberry":61,"Ring of the Snake":0,"Meat on the Bone":14}],"Ring of the Snake":[58],"Meat on the Bone":48},"card_choices":[{"not_picked":["Mayhem","Secret Weapon"],"picked":"HandOfGreed","floor":0},{"not_picked":["Outmaneuver","Tactician"],"picked":"Acrobatics","floor":1},{"not_picked":["Noxious Fumes","Dodge and Roll"],"picked":"Reflex","floor":2},{"not_picked":["Tactician","Leg Sweep"],"picked":"Concentrate","floor":5},{"not_picked":["Heel Hook","Bane"],"picked":"Acrobatics","floor":11},{"not_picked":["Outmaneuver","Dagger Spray"],"picked":"Tactician","floor":12},{"not_picked":["Well Laid Plans","Calculated Gamble"],"picked":"Adrenaline","floor":13},{"not_picked":["Cloak And Dagger","Blur","Bane"],"picked":"SKIP","floor":14},{"not_picked":["Night Terror","Bullet Time"],"picked":"Venomology","floor":16},{"not_picked":["Flying Knee","PiercingWail","Slice+1"],"picked":"SKIP","floor":18},{"not_picked":["Bane","Deadly Poison","Predator"],"picked":"SKIP","floor":19},{"not_picked":["Masterful Stab","Predator","Acrobatics"],"picked":"SKIP","floor":21},{"not_picked":["Tactician","Blur","Dodge and Roll"],"picked":"SKIP","floor":24},{"not_picked":["Distraction","Predator"],"picked":"Footwork","floor":28},{"not_picked":["Night Terror","Wraith Form v2"],"picked":"Prepared","floor":29},{"not_picked":["Skewer+1","Cloak And Dagger+1"],"picked":"Backflip","floor":31},{"not_picked":["Dagger Spray","Flying Knee","Sucker Punch"],"picked":"SKIP","floor":35},{"not_picked":["Backflip","Cloak And Dagger","Quick Slash"],"picked":"SKIP","floor":37},{"not_picked":["Blade Dance","Terror"],"picked":"Grand Finale","floor":38},{"not_picked":["PiercingWail","Cloak And Dagger+1","Footwork"],"picked":"SKIP","floor":41},{"not_picked":["Quick Slash","Distraction","All Out Attack+1"],"picked":"SKIP","floor":42},{"not_picked":["Prepared","Quick Slash+1","Tools of the Trade"],"picked":"SKIP","floor":45},{"not_picked":["Flying Knee","Crippling Poison","Leg Sweep"],"picked":"SKIP","floor":46},{"not_picked":["Quick Slash","Choke+1","Bane"],"picked":"SKIP","floor":47},{"not_picked":["Die Die Die","Noxious Fumes","Terror+1"],"picked":"SKIP","floor":48},{"not_picked":["Infinite Blades","Quick Slash+1"],"picked":"PiercingWail","floor":55}],"player_experience":575222,"relics_obtained":[{"floor":9,"key":"Meat on the Bone"},{"floor":14,"key":"Blue Candle"},{"floor":24,"key":"Smiling Mask"},{"floor":26,"key":"War Paint"},{"floor":29,"key":"Strawberry"},{"floor":31,"key":"Shovel"},{"floor":34,"key":"Boot"},{"floor":34,"key":"White Beast Statue"},{"floor":34,"key":"The Specimen"},{"floor":40,"key":"Incense Burner"},{"floor":41,"key":"Pear"},{"floor":46,"key":"Letter Opener"},{"floor":48,"key":"Dream Catcher"},{"floor":55,"key":"Vajra"}],"event_choices":[{"damage_healed":0,"gold_gain":0,"player_choice":"Entered Light","damage_taken":20,"max_hp_gain":0,"max_hp_loss":0,"event_name":"Shining Light","floor":3,"gold_loss":0,"cards_upgraded":["Strike_G","Defend_G"]},{"damage_healed":0,"gold_gain":75,"player_choice":"Gather Gold","damage_taken":11,"max_hp_gain":0,"max_hp_loss":0,"event_name":"World of Goop","floor":4,"gold_loss":0},{"cards_removed":["Strike_G"],"damage_healed":0,"gold_gain":0,"player_choice":"Card Removal","damage_taken":7,"max_hp_gain":0,"max_hp_loss":0,"event_name":"Golden Wing","floor":7,"gold_loss":0},{"cards_removed":["Strike_G"],"damage_healed":0,"gold_gain":0,"player_choice":"Gave Gold","damage_taken":0,"max_hp_gain":0,"max_hp_loss":0,"event_name":"Beggar","floor":20,"gold_loss":75},{"cards_removed":["Strike_G"],"damage_healed":0,"gold_gain":0,"player_choice":"Elegance","damage_taken":0,"max_hp_gain":0,"max_hp_loss":0,"event_name":"Back to Basics","floor":30,"gold_loss":0},{"damage_healed":0,"gold_gain":0,"player_choice":"Ignored","damage_taken":0,"max_hp_gain":0,"max_hp_loss":0,"event_name":"SecretPortal","floor":39,"gold_loss":0}],"is_beta":false,"boss_relics":[{"not_picked":["Snecko Eye","WristBlade"],"picked":"HoveringKite"},{"not_picked":["Ring of the Serpent","Sozu"],"picked":"Calling Bell"}],"items_purged_floors":[8,22,36,44,54],"is_endless":false,"potions_floor_spawned":[11,12,13,14,19,24,33,35,37,38,41,42,45,46,47,48,55],"ascension_level":20}