{"gold_per_floor":[114,129,145,160,160,191,206,206,230,242,254,283,310,357,369,484,496,524,549,282,197,208,242,262,262,310,340,350,350,361,371,371,472,472,489,214,233,279,294,329,329,329,353,353,353,403,430,442,442,442,442,442,0,28,28],"floor_reached":56,"playtime":2557,"items_purged":["Defend_B","Defend_B","Strike_B"],"score":1705,"play_id":"f9f110e9-86b4-4b17-b6e2-c23a0b063bf1","local_time":"20240212135252","is_ascension_mode":true,"campfire_choices":[{"floor":8.0,"key":"REST"},{"data":"Beam Cell","floor":11.0,"key":"SMITH"},{"data":"Coolheaded","floor":15.0,"key":"SMITH"},{"floor":25.0,"key":"REST"},{"data":"Biased Cognition","floor":29.0,"key":"SMITH"},{"data":"Creative AI","floor":32.0,"key":"SMITH"},{"data":"Turbo","floor":42,"key":"SMITH"},{"data":"Dualcast","floor":44,"key":"SMITH"},{"floor":49,"key":"RECALL"},{"data":"Coolheaded","floor":52,"key":"SMITH"}],"neow_cost":"PERCENT_DAMAGE","seed_source_timestamp":837701969900,"circlet_count":0,"master_deck":["Strike_B","Defend_B","Zap","Dualcast+1","Electrodynamics","Seek","Streamline","Beam Cell+1","Skim","Creative AI+1","Turbo+1","Sunder","Barrage","Conserve Battery","Coolheaded+1","Biased Cognition+1","Cold Snap","Coolheaded+1","Compile Driver","Core Surge","Heatsinks","Capacitor+1","Dark Shackles","PanicButton","Force Field+1","Capacitor","Capacitor"],"special_seed":0,"relics":["Cracked Core","Darkstone Periapt","MawBank","PreservedInsect","Vajra","Runic Pyramid","ClockworkSouvenir","Boot","Bag of Preparation","Akabeko","Meat on the Bone","Velvet Choker","TungstenRod","Eternal Feather","Emotion Chip","CaptainsWheel","Runic Capacitor","Ornamental Fan"],"potions_floor_usage":[33,33,38,50,50,54,55,55],"damage_taken":[{"damage":0.0,"enemies":"2 Louse","floor":1.0,"turns":1.0},{"damage":1.0,"enemies":"Cultist","floor":2.0,"turns":3.0},{"damage":2.0,"enemies":"Jaw Worm","floor":3.0,"turns":3.0},{"damage":0.0,"enemies":"Exordium Wildlife","floor":4.0,"turns":3.0},{"damage":26.0,"enemies":"Gremlin Nob","floor":6.0,"turns":4.0},{"damage":11.0,"enemies":"Blue Slaver","floor":7.0,"turns":3.0},{"damage":0.0,"enemies":"Large Slime","floor":12.0,"turns":3.0},{"damage":1.0,"enemies":"Exordium Wildlife","floor":13.0,"turns":3.0},{"damage":13.0,"enemies":"3 Sentries","floor":14.0,"turns":4.0},{"damage":8.0,"enemies":"Hexaghost","floor":16.0,"turns":9.0},{"damage":12.0,"enemies":"2 Thieves","floor":18.0,"turns":2.0},{"damage":10.0,"enemies":"Spheric Guardian","floor":19.0,"turns":5.0},{"damage":2.0,"enemies":"Centurion and Healer","floor":22.0,"turns":5.0},{"damage":0.0,"enemies":"Gremlin Leader","floor":23.0,"turns":5.0},{"damage":16.0,"enemies":"Sentry and Sphere","floor":24.0,"turns":4.0},{"damage":0.0,"enemies":"Book of Stabbing","floor":27.0,"turns":5.0},{"damage":10.0,"enemies":"Shelled Parasite and Fungi","floor":28.0,"turns":3.0},{"damage":13.0,"enemies":"Snake Plant","floor":30.0,"turns":4.0},{"damage":2.0,"enemies":"Chosen and Byrds","floor":31.0,"turns":3.0},{"damage":2,"enemies":"Automaton","floor":33,"turns":10},{"damage":0,"enemies":"Orb Walker","floor":35,"turns":3},{"damage":5,"enemies":"3 Darklings","floor":37,"turns":4},{"damage":18,"enemies":"2 Orb Walkers","floor":38,"turns":3},{"damage":6,"enemies":"Spire Growth","floor":39,"turns":6},{"damage":34,"enemies":"Giant Head","floor":40,"turns":8},{"damage":0,"enemies":"Mind Bloom Boss Battle","floor":46,"turns":8},{"damage":6,"enemies":"Nemesis","floor":47,"turns":5},{"damage":1,"enemies":"Writhing Mass","floor":48,"turns":8},{"damage":5,"enemies":"Time Eater","floor":50,"turns":10},{"damage":1,"enemies":"Shield and Spear","floor":54,"turns":8},{"damage":24,"enemies":"The Heart","floor":55,"turns":9}],"seed_played":"8854145223754775013","potions_obtained":[{"floor":2.0,"key":"SteroidPotion"},{"floor":6.0,"key":"Weak Potion"},{"floor":7.0,"key":"Ancient Potion"},{"floor":12.0,"key":"GamblersBrew"},{"floor":19.0,"key":"BlessingOfTheForge"},{"floor":27.0,"key":"Explosive Potion"},{"floor":28.0,"key":"FocusPotion"},{"floor":30.0,"key":"Block Potion"},{"floor":31.0,"key":"Strength Potion"},{"floor":35,"key":"AttackPotion"},{"floor":46,"key":"Block Potion"},{"floor":47,"key":"FairyPotion"},{"floor":48,"key":"Strength Potion"},{"floor":54,"key":"BlessingOfTheForge"}],"is_trial":false,"path_per_floor":["M","M","M","M","?","E","M","R","T","?","R","M","M","E","R","B",null,"M","M","$","?","M","E","M","R","T","E","M","R","M","M","R","B",null,"M","$","M","?","M","E","?","R","T","R","?","?","E","M","R","B",null,"R","$","E","B",null],"character_chosen":"DEFECT","basemod:card_modifiers":[null,null,null,null,null,null,null,null,null,null,null,null,null,null,null,null,null,null,null,null,null,null,null,null,null,null,null],"items_purchased":["ClockworkSouvenir","PowerPotion","Core Surge","Heatsinks","Capacitor","Runic Capacitor","PowerPotion","SkillPotion"],"campfire_rested":2,"item_purchase_floors":[20,20,36,36,53,53,53,53],"current_hp_per_floor":[50,49,47,47,47,21,10,32,32,32,32,32,31,18,18,10,59,47,37,37,37,35,35,19,41,41,41,43,43,42,40,40,38,66,66,66,61,43,49,27,18,33,33,48,48,48,42,41,56,51,66,71,71,70,46],"gold":28,"neow_bonus":"TRANSFORM_TWO_CARDS","is_prod":false,"is_daily":false,"chose_seed":false,"campfire_upgraded":7,"win_rate":0,"timestamp":1707713572,"path_taken":["M","M","M","M","?","E","M","R","T","?","R","M","M","E","R","BOSS","M","M","$","?","M","E","M","R","T","E","M","R","M","M","R","BOSS","M","$","M","?","M","E","?","R","T","R","?","?","E","M","R","BOSS","R","$","E","BOSS"],"build_version":"2022-12-18","purchased_purges":3,"victory":true,"max_hp_per_floor":[75,75,75,75,75,75,75,75,75,75,75,75,75,75,75,75,75,75,75,75,75,75,75,75,75,75,75,75,75,75,75,75,75,75,75,75,75,75,75,75,75,75,75,75,71,71,71,71,71,71,71,71,71,71,71],"relic_stats":{"Darkstone Periapt":0,"Emotion Chip":[45,29,16,0,0],"counters":[31,154],"Ornamental Fan":[4],"Eternal Feather":50,"PreservedInsect":392,"Bag of Preparation":[34],"MawBank":132,"Boot":[35],"obtain_stats":[{"Darkstone Periapt":6,"Vajra":14,"Velvet Choker":34,"Eternal Feather":40,"PreservedInsect":10,"Bag of Preparation":23,"Runic Capacitor":53,"MawBank":9,"Boot":21,"Akabeko":26,"ClockworkSouvenir":20,"Emotion Chip":46,"CaptainsWheel":47,"Ornamental Fan":54,"Cracked Core":0,"TungstenRod":38,"Runic Pyramid":17,"Meat on the Bone":27},{"Darkstone Periapt":5,"Vajra":9,"Velvet Choker":20,"Eternal Feather":25,"PreservedInsect":6,"Bag of Preparation":14,"Runic Capacitor":29,"MawBank":6,"Boot":12,"Akabeko":15,"ClockworkSouvenir":12,"Emotion Chip":26,"CaptainsWheel":27,"Ornamental Fan":30,"Cracked Core":0,"TungstenRod":23,"Runic Pyramid":10,"Meat on the Bone":16},{"Darkstone Periapt":14,"Vajra":27,"Velvet Choker":82,"Eternal Feather":106,"PreservedInsect":17,"Bag of Preparation":53,"Runic Capacitor":137,"MawBank":17,"Boot":43,"Akabeko":57,"ClockworkSouvenir":43,"Emotion Chip":114,"CaptainsWheel":119,"Ornamental Fan":145,"Cracked Core":0,"TungstenRod":92,"Runic Pyramid":36,"Meat on the Bone":62}],"TungstenRod":45,"Meat on the Bone":48},"card_choices":[{"not_picked":["Redo","Turbo"],"picked":"Streamline","floor":1.0},{"not_picked":["Melter","Redo"],"picked":"Beam Cell","floor":2.0},{"not_picked":["Rip and Tear","Sweeping Beam"],"picked":"Skim","floor":3.0},{"not_picked":["Beam Cell","Storm"],"picked":"Creative AI","floor":4.0},{"not_picked":["Recycle","Double Energy"],"picked":"Turbo","floor":6.0},{"not_picked":["Beam Cell","Stack"],"picked":"Sunder","floor":7.0},{"not_picked":["Genetic Algorithm","Ball Lightning"],"picked":"Barrage","floor":12.0},{"not_picked":["Electrodynamics","Sweeping Beam"],"picked":"Conserve Battery","floor":13.0},{"not_picked":["Cold Snap","Gash"],"picked":"Coolheaded","floor":14.0},{"not_picked":["Electrodynamics","Machine Learning"],"picked":"Biased Cognition","floor":16.0},{"not_picked":["Rebound","Streamline"],"picked":"Cold Snap","floor":18.0},{"not_picked":["Rebound","Hello World+1","White Noise"],"picked":"SKIP","floor":19.0},{"not_picked":["Ball Lightning","Storm","Redo"],"picked":"SKIP","floor":22.0},{"not_picked":["Barrage+1","Sweeping Beam"],"picked":"Coolheaded","floor":23.0},{"not_picked":["Steam+1","Ball Lightning"],"picked":"Compile Driver","floor":24.0},{"not_picked":["Redo+1","Leap","Multi-Cast"],"picked":"SKIP","floor":27.0},{"not_picked":["Rip and Tear","Redo","Melter"],"picked":"SKIP","floor":28.0},{"not_picked":["Cold Snap","Stack","Streamline+1"],"picked":"SKIP","floor":30.0},{"not_picked":["Steam","Double Energy","Self Repair+1"],"picked":"SKIP","floor":31.0},{"not_picked":["Leap+1","Gash+1","Sweeping Beam+1"],"picked":"SKIP","floor":35},{"not_picked":["Turbo","Leap+1","Genetic Algorithm"],"picked":"SKIP","floor":37},{"not_picked":["Leap","Beam Cell","Skim+1"],"picked":"SKIP","floor":39},{"not_picked":["Creative AI","Doom and Gloom+1"],"picked":"Capacitor+1","floor":40},{"not_picked":["Panache","The Bomb"],"picked":"Dark Shackles","floor":41},{"not_picked":["Panache","Transmutation"],"picked":"PanicButton","floor":41},{"not_picked":["Fission","Hologram"],"picked":"Force Field+1","floor":47},{"not_picked":["Hologram","Rebound+1","Sweeping Beam+1"],"picked":"SKIP","floor":48},{"not_picked":["Compile Driver","Coolheaded"],"picked":"Capacitor","floor":54}],"player_experience":599607,"relics_obtained":[{"floor":6.0,"key":"Darkstone Periapt"},{"floor":9.0,"key":"MawBank"},{"floor":14.0,"key":"Vajra"},{"floor":23.0,"key":"Bag of Preparation"},{"floor":26.0,"key":"Akabeko"},{"floor":27.0,"key":"Meat on the Bone"},{"floor":38,"key":"TungstenRod"},{"floor":40,"key":"Eternal Feather"},{"floor":46,"key":"Emotion Chip"},{"floor":47,"key":"CaptainsWheel"},{"floor":54,"key":"Ornamental Fan"}],"event_choices":[{"cards_removed":["Strike_B"],"damage_healed":0.0,"max_hp_gain":0.0,"max_hp_loss":0.0,"gold_gain":0.0,"event_name":"Living Wall","player_choice":"Forget","floor":5.0,"gold_loss":0.0,"damage_taken":0.0},{"damage_healed":0.0,"max_hp_gain":0.0,"max_hp_loss":0.0,"gold_gain":0.0,"event_name":"WeMeetAgain","player_choice":"Gave Potion","floor":10.0,"gold_loss":0.0,"damage_taken":0.0,"relics_obtained":["PreservedInsect"]},{"damage_healed":0.0,"max_hp_gain":0.0,"max_hp_loss":0.0,"gold_gain":0.0,"event_name":"Addict","player_choice":"Obtained Relic","floor":21.0,"gold_loss":85.0,"damage_taken":0.0,"relics_obtained":["Boot"]},{"damage_healed":0,"gold_gain":0,"player_choice":"Fight","damage_taken":0,"max_hp_gain":0,"max_hp_loss":0,"event_name":"Mysterious Sphere","floor":38,"gold_loss":0},{"damage_healed":0,"gold_gain":0,"player_choice":"Memory 3","damage_taken":10,"max_hp_gain":0,"max_hp_loss":0,"event_name":"SensoryStone","floor":41,"gold_loss":0},{"damage_healed":0,"gold_gain":0,"player_choice":"Max HP","damage_taken":0,"max_hp_gain":0,"max_hp_loss":4,"event_name":"Winding Halls","floor":45,"gold_loss":0},{"damage_healed":0,"gold_gain":0,"player_choice":"Fight","damage_taken":0,"max_hp_gain":0,"max_hp_loss":0,"event_name":"MindBloom","floor":46,"gold_loss":0}],"is_beta":false,"boss_relics":[{"not_picked":["Nuclear Battery","SacredBark"],"picked":"Runic Pyramid"},{"not_picked":["Calling Bell","Busted Crown"],"picked":"Velvet Choker"}],"items_purged_floors":[20,36,53],"is_endless":false,"potions_floor_spawned":[2,6,7,12,19,27,28,30,31,35,46,47,48,54],"ascension_level":8}