{"gold_per_floor":[119,119,269,269,66,66,94,111,111,111,123,123,142,173,173,251,251,280,307,307,341,350,350,176,194,268,268,300,311,326,355,355,430,493,509,384,404,404,209,209,221,252,252,590,590,619,633,647,647,647,647,647,647,48,75,75],"floor_reached":57,"playtime":2867,"items_purged":["Doubt","Decay","Sucker Punch","Setup","Doppelganger"],"score":2830,"play_id":"0f02d339-49fc-44bd-a6da-97da643c727a","local_time":"20240212043219","is_ascension_mode":true,"campfire_choices":[{"data":"Accuracy","floor":6.0,"key":"SMITH"},{"data":"Dash","floor":10.0,"key":"SMITH"},{"data":"Acrobatics","floor":12.0,"key":"SMITH"},{"data":"Tactician","floor":15.0,"key":"SMITH"},{"floor":23.0,"key":"REST"},{"data":"Reflex","floor":27.0,"key":"SMITH"},{"data":"Concentrate","floor":32.0,"key":"SMITH"},{"data":"Prepared","floor":40.0,"key":"SMITH"},{"data":"Backflip","floor":45.0,"key":"SMITH"},{"floor":49.0,"key":"RECALL"},{"data":"Footwork","floor":53,"key":"SMITH"}],"neow_cost":"NONE","seed_source_timestamp":43914601995900,"circlet_count":0,"master_deck":["AscendersBane","Survivor","Neutralize","Blade Dance+1","Accuracy+1","Acrobatics+1","Crippling Poison","Dash+1","Tactician+1","Prepared+1","Terror","Concentrate+1","Reflex+1","Storm of Steel","Eviscerate","Reflex","Noxious Fumes","Venomology","Doppelganger","Footwork+1","Acrobatics","Backflip+1","Blur","Calculated Gamble","Apotheosis"],"special_seed":0,"relics":["Ring of the Snake","NeowsBlessing","Oddly Smooth Stone","Akabeko","StrikeDummy","CeramicFish","Runic Pyramid","Red Mask","Shovel","Pandora\u0027s Box","Kunai","Darkstone Periapt","Old Coin","Membership Card","Toy Ornithopter","Turnip","Art of War"],"potions_floor_usage":[55,56,56],"damage_taken":[{"damage":0.0,"enemies":"Jaw Worm","floor":1.0,"turns":1.0},{"damage":0.0,"enemies":"Lagavulin","floor":7.0,"turns":1.0},{"damage":0.0,"enemies":"Small Slimes","floor":8.0,"turns":1.0},{"damage":0.0,"enemies":"Cultist","floor":11.0,"turns":3.0},{"damage":0.0,"enemies":"Red Slaver","floor":13.0,"turns":2.0},{"damage":10.0,"enemies":"Gremlin Nob","floor":14.0,"turns":4.0},{"damage":24.0,"enemies":"The Guardian","floor":16.0,"turns":17.0},{"damage":16.0,"enemies":"2 Thieves","floor":18.0,"turns":3.0},{"damage":0.0,"enemies":"Chosen","floor":19.0,"turns":4.0},{"damage":28.0,"enemies":"Masked Bandits","floor":21.0,"turns":8.0},{"damage":0.0,"enemies":"Gremlin Leader","floor":28.0,"turns":4.0},{"damage":0.0,"enemies":"3 Cultists","floor":29.0,"turns":4.0},{"damage":7.0,"enemies":"Shelled Parasite and Fungi","floor":30.0,"turns":3.0},{"damage":0.0,"enemies":"Snake Plant","floor":31.0,"turns":3.0},{"damage":10.0,"enemies":"Champ","floor":33.0,"turns":6.0},{"damage":10.0,"enemies":"3 Darklings","floor":35.0,"turns":3.0},{"damage":0.0,"enemies":"3 Shapes","floor":37.0,"turns":6.0},{"damage":0.0,"enemies":"3 Darklings","floor":41.0,"turns":2.0},{"damage":25.0,"enemies":"Reptomancer","floor":42.0,"turns":4.0},{"damage":0.0,"enemies":"Nemesis","floor":44.0,"turns":3.0},{"damage":8.0,"enemies":"4 Shapes","floor":46.0,"turns":3.0},{"damage":0.0,"enemies":"Transient","floor":47.0,"turns":6.0},{"damage":9.0,"enemies":"Writhing Mass","floor":48.0,"turns":5.0},{"damage":3.0,"enemies":"Time Eater","floor":50.0,"turns":10.0},{"damage":1,"enemies":"Awakened One","floor":51,"turns":6},{"damage":33,"enemies":"Shield and Spear","floor":55,"turns":2},{"damage":15,"enemies":"The Heart","floor":56,"turns":7}],"seed_played":"-3928984037038367639","potions_obtained":[{"floor":7.0,"key":"Explosive Potion"},{"floor":16.0,"key":"ColorlessPotion"},{"floor":19.0,"key":"DuplicationPotion"},{"floor":21.0,"key":"SpeedPotion"},{"floor":30.0,"key":"PowerPotion"},{"floor":38.0,"key":"DistilledChaos"},{"floor":38.0,"key":"PowerPotion"},{"floor":41.0,"key":"Fruit Juice"},{"floor":44.0,"key":"LiquidBronze"},{"floor":55,"key":"EssenceOfSteel"}],"is_trial":false,"path_per_floor":["M","?","?","?","$","R","E","M","T","R","M","R","M","E","R","B",null,"M","M","?","?","?","R","$","?","T","R","E","M","M","M","R","B",null,"M","$","M","?","$","R","M","E","T","E","R","M","M","M","R","B","B",null,"R","$","E","B",null],"character_chosen":"THE_SILENT","basemod:card_modifiers":[null,null,null,null,null,null,null,null,null,null,null,null,null,null,null,null,null,null,null,null,null,null,null,null,null],"items_purchased":["Accuracy","Acrobatics","Reflex","Acrobatics","Membership Card","Calculated Gamble","Apotheosis","Toy Ornithopter","Turnip"],"campfire_rested":1,"item_purchase_floors":[5,5,24,39,54,54,54,54,54],"current_hp_per_floor":[59,48,48,48,48,48,48,48,48,48,48,48,48,38,38,14,53,37,37,37,9,9,28,28,28,28,28,28,28,21,21,21,11,52,42,42,42,42,42,42,42,22,22,22,22,14,14,5,5,2,1,54,54,54,26,21],"gold":75,"neow_bonus":"THREE_ENEMY_KILL","is_prod":false,"is_daily":false,"chose_seed":false,"campfire_upgraded":9,"win_rate":0,"timestamp":1707679939,"path_taken":["M","?","?","?","$","R","E","M","T","R","M","R","?","E","R","BOSS","M","M","?","?","?","R","$","?","T","R","E","M","M","?","R","BOSS","M","$","M","?","?","R","?","E","T","E","R","M","M","M","R","BOSS","BOSS","R","$","E","BOSS"],"build_version":"2022-12-18","purchased_purges":5,"victory":true,"max_hp_per_floor":[66,66,66,66,66,66,66,66,66,66,66,66,66,66,66,66,66,66,66,66,66,66,66,66,66,66,66,66,66,66,66,66,66,66,66,66,66,66,66,66,66,71,71,71,71,71,71,71,71,71,71,71,71,71,71,71],"relic_stats":{"Darkstone Periapt":0,"Shovel":0,"counters":[27,121],"CeramicFish":180,"Pandora\u0027s Box":["Noxious Fumes","Setup","Venomology","Doppelganger","Footwork","Sucker Punch","Doppelganger"],"Turnip":[2],"Art of War":[1],"Kunai":[81],"Membership Card":452,"obtain_stats":[{"Darkstone Periapt":43,"NeowsBlessing":0,"CeramicFish":14,"Oddly Smooth Stone":2,"Akabeko":7,"Old Coin":44,"Shovel":28,"Pandora\u0027s Box":34,"Turnip":54,"Red Mask":21,"Art of War":55,"Kunai":42,"Membership Card":54,"StrikeDummy":9,"Toy Ornithopter":54,"Ring of the Snake":0,"Runic Pyramid":17},{"Darkstone Periapt":19,"NeowsBlessing":0,"CeramicFish":6,"Oddly Smooth Stone":1,"Akabeko":2,"Old Coin":20,"Shovel":11,"Pandora\u0027s Box":15,"Turnip":25,"Red Mask":10,"Art of War":26,"Kunai":19,"Membership Card":25,"StrikeDummy":3,"Toy Ornithopter":25,"Ring of the Snake":0,"Runic Pyramid":7},{"Darkstone Periapt":79,"NeowsBlessing":0,"CeramicFish":12,"Oddly Smooth Stone":1,"Akabeko":2,"Old Coin":82,"Shovel":48,"Pandora\u0027s Box":64,"Turnip":112,"Red Mask":44,"Art of War":114,"Kunai":79,"Membership Card":112,"StrikeDummy":3,"Toy Ornithopter":112,"Ring of the Snake":0,"Runic Pyramid":29}],"Toy Ornithopter":15,"Ring of the Snake":[54]},"card_choices":[{"not_picked":["Flying Knee","Poisoned Stab"],"picked":"Blade Dance","floor":1.0},{"not_picked":["Cloak And Dagger","Quick Slash"],"picked":"Crippling Poison","floor":7.0},{"not_picked":["Skewer","Tactician"],"picked":"Dash","floor":8.0},{"not_picked":["Acrobatics","Eviscerate","Slice"],"picked":"SKIP","floor":11.0},{"not_picked":["Bouncing Flask","Setup"],"picked":"Tactician","floor":13.0},{"not_picked":["Flying Knee","Infinite Blades","Prepared"],"picked":"SKIP","floor":14.0},{"not_picked":["Noxious Fumes+1","Backstab"],"picked":"Prepared","floor":18.0},{"not_picked":["Sucker Punch","Slice+1"],"picked":"Terror","floor":19.0},{"not_picked":["Flying Knee","Sucker Punch"],"picked":"Concentrate","floor":21.0},{"not_picked":["Underhanded Strike","Quick Slash","Flying Knee"],"picked":"SKIP","floor":28.0},{"not_picked":["Flying Knee","Quick Slash","Glass Knife"],"picked":"SKIP","floor":29.0},{"not_picked":["Noxious Fumes","Underhanded Strike","PiercingWail"],"picked":"SKIP","floor":30.0},{"not_picked":["Cloak And Dagger","Dodge and Roll"],"picked":"Reflex","floor":31.0},{"not_picked":["Sucker Punch","Leg Sweep","Dagger Spray"],"picked":"SKIP","floor":35.0},{"not_picked":["Skewer+1","Backstab","Dagger Throw"],"picked":"SKIP","floor":37.0},{"not_picked":["Dagger Throw","Deflect","Endless Agony"],"picked":"SKIP","floor":41.0},{"not_picked":["PiercingWail","Distraction","Crippling Poison"],"picked":"SKIP","floor":42.0},{"not_picked":["Envenom","Caltrops"],"picked":"Backflip","floor":44.0},{"not_picked":["Blur","Bouncing Flask","Masterful Stab"],"picked":"SKIP","floor":46.0},{"not_picked":["Bouncing Flask","Masterful Stab"],"picked":"Blur","floor":46.0},{"not_picked":["Well Laid Plans+1","Prepared","Expertise"],"picked":"SKIP","floor":47.0},{"not_picked":["Bouncing Flask","Backflip","Tactician"],"picked":"SKIP","floor":48.0},{"not_picked":["Bullet Time","Concentrate","Masterful Stab"],"picked":"SKIP","floor":55}],"player_experience":596144,"relics_obtained":[{"floor":7.0,"key":"Akabeko"},{"floor":9.0,"key":"StrikeDummy"},{"floor":14.0,"key":"CeramicFish"},{"floor":21.0,"key":"Red Mask"},{"floor":28.0,"key":"Shovel"},{"floor":42.0,"key":"Kunai"},{"floor":43.0,"key":"Darkstone Periapt"},{"floor":44.0,"key":"Old Coin"},{"floor":55,"key":"Art of War"}],"event_choices":[{"damage_healed":0.0,"max_hp_gain":0.0,"max_hp_loss":0.0,"gold_gain":0.0,"event_name":"Scrap Ooze","player_choice":"Success","floor":2.0,"gold_loss":0.0,"damage_taken":11.0,"relics_obtained":["Oddly Smooth Stone"]},{"damage_healed":0.0,"max_hp_gain":0.0,"max_hp_loss":0.0,"gold_gain":150.0,"event_name":"Liars Game","player_choice":"AGREE","floor":3.0,"gold_loss":0.0,"damage_taken":0.0,"cards_obtained":["Doubt"]},{"damage_healed":0.0,"max_hp_gain":0.0,"max_hp_loss":0.0,"gold_gain":0.0,"event_name":"Upgrade Shrine","player_choice":"Upgraded","floor":4.0,"gold_loss":0.0,"damage_taken":0.0,"cards_upgraded":["Blade Dance"]},{"cards_removed":["Strike_G"],"damage_healed":0.0,"max_hp_gain":0.0,"max_hp_loss":0.0,"gold_gain":0.0,"event_name":"Back to Basics","player_choice":"Elegance","floor":20.0,"gold_loss":0.0,"damage_taken":0.0},{"damage_healed":0.0,"max_hp_gain":0.0,"max_hp_loss":0.0,"gold_gain":0.0,"event_name":"Masked Bandits","player_choice":"Fought Bandits","floor":21.0,"gold_loss":0.0,"damage_taken":0.0},{"damage_healed":0.0,"max_hp_gain":0.0,"max_hp_loss":0.0,"gold_gain":0.0,"event_name":"Forgotten Altar","player_choice":"Smashed Altar","floor":22.0,"gold_loss":0.0,"damage_taken":0.0,"cards_obtained":["Decay"]},{"damage_healed":0.0,"max_hp_gain":0.0,"max_hp_loss":0.0,"gold_gain":0.0,"cards_transformed":["Strike_G","Strike_G"],"event_name":"Drug Dealer","player_choice":"Became Test Subject","floor":25.0,"gold_loss":0.0,"damage_taken":0.0,"cards_obtained":["Storm of Steel","Eviscerate"]},{"damage_healed":0.0,"max_hp_gain":0.0,"max_hp_loss":0.0,"gold_gain":0.0,"event_name":"Lab","player_choice":"Got Potions","floor":38.0,"gold_loss":0.0,"damage_taken":0.0}],"is_beta":false,"boss_relics":[{"not_picked":["Runic Dome","Tiny House"],"picked":"Runic Pyramid"},{"not_picked":["Velvet Choker","Fusion Hammer"],"picked":"Pandora\u0027s Box"}],"items_purged_floors":[5,24,36,39,54],"is_endless":false,"potions_floor_spawned":[7,16,19,21,29,30,41,44,47,55],"ascension_level":20}