{"gold_per_floor":[115,132,142,156,27,57,80,92,104,148,160,172,248,273,285,297],"floor_reached":16,"playtime":419,"items_purged":["Strike_G"],"score":224,"play_id":"0deb3d00-de4f-4706-b4ff-07c1bb5a52de","local_time":"20240212031511","is_ascension_mode":true,"campfire_choices":[{"data":"Prepared","floor":8.0,"key":"SMITH"},{"data":"Eviscerate","floor":11.0,"key":"SMITH"},{"data":"Neutralize","floor":15.0,"key":"SMITH"}],"neow_cost":"NONE","seed_source_timestamp":42153408742100,"circlet_count":0,"master_deck":["AscendersBane","Strike_G","Strike_G","Strike_G","Strike_G","Defend_G","Defend_G","Defend_G","Defend_G","Defend_G","Survivor","Neutralize+1","Masterful Stab","Eviscerate+1","Prepared+1","Blade Dance","Reflex+1","Tactician+1"],"special_seed":0,"relics":["Ring of the Snake","MawBank","Toxic Egg 2","White Beast Statue","Mercury Hourglass"],"potions_floor_usage":[16,16],"damage_taken":[{"damage":0.0,"enemies":"Jaw Worm","floor":1.0,"turns":7.0},{"damage":7.0,"enemies":"2 Louse","floor":2.0,"turns":4.0},{"damage":1.0,"enemies":"Small Slimes","floor":3.0,"turns":4.0},{"damage":10.0,"enemies":"Exordium Wildlife","floor":4.0,"turns":6.0},{"damage":32.0,"enemies":"Gremlin Nob","floor":6.0,"turns":4.0},{"damage":0.0,"enemies":"3 Louse","floor":7.0,"turns":3.0},{"damage":7.0,"enemies":"3 Sentries","floor":10.0,"turns":8.0},{"damage":24.0,"enemies":"Gremlin Nob","floor":13.0,"turns":4.0},{"damage":0.0,"enemies":"Looter","floor":14.0,"turns":2.0},{"damage":17,"enemies":"Hexaghost","floor":16,"turns":7}],"seed_played":"-2559043758865062682","potions_obtained":[{"floor":4.0,"key":"Regen Potion"},{"floor":6.0,"key":"Block Potion"},{"floor":10.0,"key":"Weak Potion"},{"floor":13.0,"key":"PowerPotion"},{"floor":14.0,"key":"CultistPotion"}],"is_trial":false,"path_per_floor":["M","M","M","M","$","E","M","R","T","E","R","?","?","M","R","B"],"character_chosen":"THE_SILENT","basemod:card_modifiers":[null,null,null,null,null,null,null,null,null,null,null,null,null,null,null,null,null,null],"items_purchased":["AttackPotion"],"campfire_rested":0,"item_purchase_floors":[5],"current_hp_per_floor":[59,52,51,41,41,9,9,9,9,17,17,39,15,15,15,0],"gold":297,"neow_bonus":"RANDOM_COLORLESS","is_prod":false,"is_daily":false,"chose_seed":false,"campfire_upgraded":3,"win_rate":0,"timestamp":1707675311,"path_taken":["M","M","M","M","$","E","M","R","T","E","R","?","?","M","R","BOSS"],"build_version":"2022-12-18","purchased_purges":1,"victory":false,"max_hp_per_floor":[66,66,66,66,66,66,66,66,66,66,66,66,66,66,66,66],"relic_stats":{"counters":[10,49],"MawBank":120,"obtain_stats":[{"Toxic Egg 2":9,"MawBank":6,"White Beast Statue":10,"Ring of the Snake":0,"Mercury Hourglass":13},{"Toxic Egg 2":6,"MawBank":5,"White Beast Statue":7,"Ring of the Snake":0,"Mercury Hourglass":8},{"Toxic Egg 2":28,"MawBank":25,"White Beast Statue":36,"Ring of the Snake":0,"Mercury Hourglass":40}],"White Beast Statue":[0.0,0.0,0.0,0.2,0.0,0.6000000000000001,0.0,0.2,0.0,0.0,0.0,1.0],"Ring of the Snake":[20],"Mercury Hourglass":[24]},"card_choices":[{"not_picked":["Underhanded Strike","Dodge and Roll"],"picked":"Masterful Stab","floor":1.0},{"not_picked":["Flechettes","Slice"],"picked":"Eviscerate","floor":2.0},{"not_picked":["Deflect","Sucker Punch","Endless Agony"],"picked":"SKIP","floor":3.0},{"not_picked":["PiercingWail","Dodge and Roll","Finisher"],"picked":"SKIP","floor":4.0},{"not_picked":["Catalyst","Concentrate"],"picked":"Prepared","floor":6.0},{"not_picked":["Accuracy","Dodge and Roll"],"picked":"Blade Dance","floor":7.0},{"not_picked":["Well Laid Plans","Dodge and Roll+1"],"picked":"Reflex+1","floor":10.0},{"not_picked":["Dagger Throw","Masterful Stab"],"picked":"Tactician+1","floor":14.0}],"player_experience":594688,"relics_obtained":[{"floor":6.0,"key":"MawBank"},{"floor":9.0,"key":"Toxic Egg 2"},{"floor":10.0,"key":"White Beast Statue"},{"floor":13.0,"key":"Mercury Hourglass"}],"event_choices":[{"damage_healed":22.0,"max_hp_gain":0.0,"max_hp_loss":0.0,"gold_gain":0.0,"event_name":"Big Fish","player_choice":"Banana","floor":12.0,"gold_loss":0.0,"damage_taken":0.0},{"damage_healed":0.0,"max_hp_gain":0.0,"max_hp_loss":0.0,"gold_gain":0.0,"event_name":"Dead Adventurer","player_choice":"Searched \u00271\u0027 times","floor":13.0,"gold_loss":0.0,"damage_taken":0.0}],"is_beta":false,"boss_relics":[],"items_purged_floors":[5],"is_endless":false,"potions_floor_spawned":[4,6,10,13,14],"killed_by":"Hexaghost","ascension_level":20}