{"gold_per_floor":[112,72,88,99,111,122,122,153,153,78,28,28,28,57,57,156,156,167,266,278,278,294,294,294],"floor_reached":24,"playtime":580,"items_purged":["Strike_B"],"score":278,"play_id":"0f0fd929-89be-42ed-9ee5-1732b4142981","local_time":"20240211211934","is_ascension_mode":true,"campfire_choices":[{"data":"Streamline","floor":7,"key":"SMITH"},{"floor":12,"key":"REST"},{"floor":15,"key":"REST"},{"floor":23,"key":"DIG"}],"neow_cost":"NONE","seed_source_timestamp":20751666715800,"circlet_count":0,"master_deck":["Strike_B","Strike_B","Defend_B","Defend_B","Defend_B","Defend_B","Zap","Dualcast","Streamline+1","Barrage","Doom and Gloom","Cold Snap","Reboot"],"relics":["Runic Dome","Pen Nib","Shovel","Incense Burner","Inserter","Shuriken"],"potions_floor_usage":[6,8,14,20,24],"damage_taken":[{"damage":3,"enemies":"Jaw Worm","floor":1,"turns":4},{"damage":1,"enemies":"Cultist","floor":3,"turns":3},{"damage":0,"enemies":"2 Louse","floor":4,"turns":3},{"damage":20,"enemies":"Large Slime","floor":5,"turns":6},{"damage":21,"enemies":"Exordium Wildlife","floor":6,"turns":6},{"damage":10,"enemies":"3 Sentries","floor":8,"turns":6},{"damage":25,"enemies":"Lagavulin","floor":14,"turns":5},{"damage":18,"enemies":"Slime Boss","floor":16,"turns":7},{"damage":17,"enemies":"3 Byrds","floor":18,"turns":4},{"damage":6,"enemies":"Spheric Guardian","floor":20,"turns":5},{"damage":10,"enemies":"Snecko","floor":22,"turns":5},{"damage":34,"enemies":"Gremlin Leader","floor":24,"turns":4}],"seed_played":"4445495425166184588","potions_obtained":[{"floor":2,"key":"SpeedPotion"},{"floor":2,"key":"EssenceOfSteel"},{"floor":2,"key":"DuplicationPotion"},{"floor":3,"key":"Swift Potion"},{"floor":4,"key":"PowerPotion"},{"floor":6,"key":"SteroidPotion"},{"floor":16,"key":"SpeedPotion"},{"floor":18,"key":"SpeedPotion"}],"is_trial":false,"path_per_floor":["M","?","M","M","M","M","R","E","T","$","?","R","$","E","R","B",null,"M","?","M","?","M","R","E"],"character_chosen":"DEFECT","basemod:card_modifiers":[null,null,null,null,null,null,null,null,null,null,null,null,null],"items_purchased":[],"campfire_rested":2,"item_purchase_floors":[],"current_hp_per_floor":[65,65,64,64,44,23,23,13,13,13,13,35,35,10,32,14,60,43,43,37,37,27,27,0],"gold":294,"neow_bonus":"BOSS_RELIC","is_prod":false,"is_daily":false,"chose_seed":false,"campfire_upgraded":1,"win_rate":0,"timestamp":1707653974,"path_taken":["M","?","M","M","?","M","R","E","T","$","?","R","$","E","R","BOSS","M","?","M","?","M","R","E"],"build_version":"2022-12-18","purchased_purges":1,"victory":false,"max_hp_per_floor":[75,75,75,75,75,75,75,75,75,75,75,75,75,75,75,75,75,75,75,75,75,75,75,75],"relic_stats":{"Shovel":1,"Inserter":[9],"counters":[12,58],"Shuriken":[2],"Pen Nib":[5],"obtain_stats":[{"Runic Dome":0,"Shovel":9,"Inserter":17,"Shuriken":23,"Pen Nib":8,"Incense Burner":14,"Cracked Core":0},{"Runic Dome":0,"Shovel":6,"Inserter":8,"Shuriken":11,"Pen Nib":6,"Incense Burner":7,"Cracked Core":0},{"Runic Dome":0,"Shovel":28,"Inserter":40,"Shuriken":54,"Pen Nib":28,"Incense Burner":33,"Cracked Core":0}]},"card_choices":[{"not_picked":["Steam","Recycle","Force Field"],"picked":"SKIP","floor":1},{"not_picked":["FTL","Compile Driver"],"picked":"Streamline","floor":3},{"not_picked":["Reprogram","Stack","Go for the Eyes"],"picked":"SKIP","floor":4},{"not_picked":["Turbo","BootSequence","Hologram"],"picked":"SKIP","floor":5},{"not_picked":["Go for the Eyes","Recycle"],"picked":"Barrage","floor":6},{"not_picked":["Scrape","Steam"],"picked":"Doom and Gloom","floor":8},{"not_picked":["Streamline","Redo"],"picked":"Cold Snap","floor":14},{"not_picked":["Multi-Cast","All For One"],"picked":"Reboot","floor":16},{"not_picked":["Reprogram+1","White Noise","Redo+1"],"picked":"SKIP","floor":18},{"not_picked":["Sweeping Beam","Steam","Cold Snap"],"picked":"SKIP","floor":20},{"not_picked":["Conserve Battery","Stack","Cold Snap"],"picked":"SKIP","floor":22}],"player_experience":581529,"relics_obtained":[{"floor":8,"key":"Pen Nib"},{"floor":9,"key":"Shovel"},{"floor":14,"key":"Incense Burner"},{"floor":23,"key":"Shuriken"}],"event_choices":[{"damage_healed":0,"gold_gain":0,"player_choice":"Bought 3 Potions","damage_taken":0,"max_hp_gain":0,"max_hp_loss":0,"event_name":"The Woman in Blue","floor":2,"gold_loss":0},{"cards_removed":["Strike_B"],"damage_healed":0,"gold_gain":0,"player_choice":"Card Removal","damage_taken":0,"max_hp_gain":0,"max_hp_loss":0,"event_name":"The Cleric","floor":11,"gold_loss":50},{"damage_healed":0,"gold_gain":99,"player_choice":"Stole From Cult","damage_taken":0,"max_hp_gain":0,"max_hp_loss":0,"event_name":"Nest","floor":19,"gold_loss":0},{"damage_healed":0,"gold_gain":0,"player_choice":"Ignored","damage_taken":0,"max_hp_gain":0,"max_hp_loss":0,"event_name":"Vampires","floor":21,"gold_loss":0}],"is_beta":false,"boss_relics":[{"not_picked":["Coffee Dripper","SacredBark"],"picked":"Inserter"}],"items_purged_floors":[10],"is_endless":false,"potions_floor_spawned":[3,4,6,16,18],"killed_by":"Gremlin Leader","ascension_level":7}