{"gold_per_floor":[117,132,150,150,150,150,189,189,240,264,287,323,343,376,376,467,467,488,403,428,442,442],"floor_reached":22,"playtime":651,"items_purged":[],"score":516,"play_id":"d7cb4269-d71f-4f5e-8dfa-c685fee2877c","local_time":"20240211153829","is_ascension_mode":true,"campfire_choices":[{"data":"Prepared","floor":6.0,"key":"SMITH"},{"floor":8.0,"key":"REST"},{"data":"Reflex","floor":15.0,"key":"SMITH"}],"neow_cost":"TEN_PERCENT_HP_LOSS","seed_source_timestamp":77366637000,"circlet_count":0,"master_deck":["AscendersBane","Strike_G","Strike_G","Strike_G","Strike_G","Defend_G","Defend_G","Defend_G","Defend_G","Survivor","Neutralize","Glass Knife","Well Laid Plans","Dagger Throw","Eviscerate","Prepared+1","Reflex+1","Phantasmal Killer+1","Grand Finale","Backflip+1"],"special_seed":0,"relics":["Ring of the Snake","Golden Idol","Snake Skull","Boot","Toxic Egg 2","Tiny Chest","Happy Flower"],"potions_floor_usage":[16,21],"damage_taken":[{"damage":0.0,"enemies":"Small Slimes","floor":1.0,"turns":3.0},{"damage":0.0,"enemies":"Jaw Worm","floor":2.0,"turns":4.0},{"damage":0.0,"enemies":"2 Louse","floor":3.0,"turns":3.0},{"damage":24.0,"enemies":"3 Sentries","floor":7.0,"turns":8.0},{"damage":1.0,"enemies":"Red Slaver","floor":10.0,"turns":3.0},{"damage":8.0,"enemies":"Lots of Slimes","floor":11.0,"turns":4.0},{"damage":29.0,"enemies":"Gremlin Nob","floor":12.0,"turns":4.0},{"damage":3.0,"enemies":"Looter","floor":13.0,"turns":3.0},{"damage":0.0,"enemies":"Lagavulin","floor":14.0,"turns":3.0},{"damage":7,"enemies":"Hexaghost","floor":16,"turns":7},{"damage":22,"enemies":"2 Thieves","floor":18,"turns":4},{"damage":22,"enemies":"Shell Parasite","floor":20,"turns":6},{"damage":0,"enemies":"Centurion and Healer","floor":21,"turns":4},{"damage":15,"enemies":"Snake Plant","floor":22,"turns":2}],"seed_played":"-7431606758149536337","potions_obtained":[{"floor":1.0,"key":"FairyPotion"},{"floor":7.0,"key":"CultistPotion"},{"floor":13.0,"key":"Weak Potion"},{"floor":14.0,"key":"Fruit Juice"},{"floor":20,"key":"GhostInAJar"}],"is_trial":false,"path_per_floor":["M","M","M","?","?","R","E","R","T","M","M","E","M","E","R","B",null,"M","?","M","M","M"],"character_chosen":"THE_SILENT","basemod:card_modifiers":[null,null,null,null,null,null,null,null,null,null,null,null,null,null,null,null,null,null,null,null],"items_purchased":[],"campfire_rested":1,"item_purchase_floors":[],"current_hp_per_floor":[59,59,59,38,38,38,14,32,32,31,23,18,15,15,20,13,52,30,30,8,8,0],"gold":442,"neow_bonus":"TRANSFORM_TWO_CARDS","is_prod":false,"is_daily":false,"chose_seed":false,"campfire_upgraded":2,"win_rate":0,"timestamp":1707633509,"path_taken":["M","M","M","?","?","R","E","R","T","M","M","E","M","E","R","BOSS","M","?","M","M","M"],"build_version":"2022-12-18","purchased_purges":0,"victory":false,"max_hp_per_floor":[60,60,60,60,60,60,60,60,60,60,60,60,60,60,65,65,65,65,65,65,65,65],"relic_stats":{"Happy Flower":[4],"counters":[14,58],"Golden Idol":66,"Tiny Chest":0,"Snake Skull":[0],"Boot":[31],"obtain_stats":[{"Happy Flower":19,"Golden Idol":4,"Tiny Chest":14,"Snake Skull":7,"Toxic Egg 2":12,"Boot":9,"Ring of the Snake":0},{"Happy Flower":11,"Golden Idol":3,"Tiny Chest":9,"Snake Skull":4,"Toxic Egg 2":7,"Boot":4,"Ring of the Snake":0},{"Happy Flower":46,"Golden Idol":10,"Tiny Chest":35,"Snake Skull":18,"Toxic Egg 2":29,"Boot":18,"Ring of the Snake":0}],"Ring of the Snake":[28]},"card_choices":[{"not_picked":["Choke","Bane"],"picked":"Dagger Throw","floor":1.0},{"not_picked":["Underhanded Strike","Poisoned Stab"],"picked":"Eviscerate","floor":2.0},{"not_picked":["Dagger Throw","Skewer"],"picked":"Prepared","floor":3.0},{"not_picked":["Riddle With Holes","Infinite Blades","Quick Slash"],"picked":"SKIP","floor":7.0},{"not_picked":["Accuracy","Dagger Throw","Crippling Poison"],"picked":"SKIP","floor":10.0},{"not_picked":["Cloak And Dagger","Catalyst"],"picked":"Reflex","floor":11.0},{"not_picked":["Endless Agony","Setup+1","Dash"],"picked":"SKIP","floor":12.0},{"not_picked":["PiercingWail+1","Sucker Punch"],"picked":"Phantasmal Killer+1","floor":13.0},{"not_picked":["Expertise+1","Bane","Underhanded Strike"],"picked":"SKIP","floor":14.0},{"not_picked":["Burst+1","Bullet Time+1"],"picked":"Grand Finale","floor":16},{"not_picked":["Noxious Fumes","Dagger Throw","Sucker Punch"],"picked":"SKIP","floor":18},{"not_picked":["Underhanded Strike","Dodge and Roll+1"],"picked":"Backflip+1","floor":20},{"not_picked":["Cloak And Dagger+1","Corpse Explosion+1","Blade Dance+1"],"picked":"SKIP","floor":21}],"player_experience":573789,"relics_obtained":[{"floor":7.0,"key":"Snake Skull"},{"floor":9.0,"key":"Boot"},{"floor":12.0,"key":"Toxic Egg 2"},{"floor":14.0,"key":"Tiny Chest"}],"event_choices":[{"damage_healed":0.0,"max_hp_gain":0.0,"max_hp_loss":0.0,"gold_gain":0.0,"event_name":"Golden Idol","player_choice":"Take Damage","floor":4.0,"gold_loss":0.0,"damage_taken":21.0,"relics_obtained":["Golden Idol"]},{"damage_healed":0.0,"max_hp_gain":0.0,"max_hp_loss":0.0,"gold_gain":0.0,"event_name":"Shining Light","player_choice":"Ignored","floor":5.0,"gold_loss":0.0,"damage_taken":0.0},{"damage_healed":0,"gold_gain":0,"player_choice":"Obtained Relic","damage_taken":0,"relics_obtained":["Happy Flower"],"max_hp_gain":0,"max_hp_loss":0,"event_name":"Addict","floor":19,"gold_loss":85}],"is_beta":false,"boss_relics":[{"not_picked":["Busted Crown","Velvet Choker","Snecko Eye"]}],"items_purged_floors":[],"is_endless":false,"potions_floor_spawned":[1,7,10,13,14,20],"killed_by":"Snake Plant","ascension_level":20}