{"gold_per_floor":[113,113,129,140,153,153,182,182,254,283,283,283,283,301,301,301],"floor_reached":16,"playtime":361,"items_purged":[],"score":220,"play_id":"80bab121-0130-458c-a75e-d8e4f9e9e043","local_time":"20240211155742","is_ascension_mode":true,"campfire_choices":[{"data":"Eviscerate","floor":6.0,"key":"SMITH"},{"floor":8.0,"key":"REST"},{"data":"Prepared","floor":11.0,"key":"SMITH"},{"data":"Neutralize","floor":15.0,"key":"SMITH"}],"neow_cost":"NONE","seed_source_timestamp":1483208236600,"circlet_count":0,"master_deck":["AscendersBane","Strike_G","Strike_G","Strike_G","Defend_G","Defend_G","Defend_G","Defend_G","Survivor","Neutralize+1","Escape Plan","Flying Knee","Eviscerate+1","Prepared+1","Predator"],"special_seed":0,"relics":["Ring of the Snake","NeowsBlessing","Gambling Chip","Meat on the Bone","Nunchaku"],"potions_floor_usage":[],"damage_taken":[{"damage":0.0,"enemies":"2 Louse","floor":1.0,"turns":1.0},{"damage":0.0,"enemies":"Small Slimes","floor":3.0,"turns":2.0},{"damage":0.0,"enemies":"Cultist","floor":4.0,"turns":1.0},{"damage":3.0,"enemies":"Exordium Thugs","floor":5.0,"turns":5.0},{"damage":43.0,"enemies":"3 Sentries","floor":7.0,"turns":10.0},{"damage":11.0,"enemies":"Gremlin Nob","floor":10.0,"turns":3.0},{"damage":0.0,"enemies":"2 Fungi Beasts","floor":14.0,"turns":1.0},{"damage":33,"enemies":"Hexaghost","floor":16,"turns":10}],"seed_played":"2899812478347651301","potions_obtained":[{"floor":4.0,"key":"Dexterity Potion"},{"floor":7.0,"key":"ColorlessPotion"}],"is_trial":false,"path_per_floor":["M","?","M","M","M","R","E","R","T","E","R","?","?","M","R","B"],"character_chosen":"THE_SILENT","basemod:card_modifiers":[null,null,null,null,null,null,null,null,null,null,null,null,null,null,null],"items_purchased":[],"campfire_rested":1,"item_purchase_floors":[],"current_hp_per_floor":[59,59,59,59,56,56,13,32,32,33,33,26,26,38,38,5],"gold":301,"neow_bonus":"THREE_ENEMY_KILL","is_prod":false,"is_daily":false,"chose_seed":false,"campfire_upgraded":3,"win_rate":0,"timestamp":1707634662,"path_taken":["M","?","M","M","M","R","E","R","T","E","R","?","?","?","R","BOSS"],"build_version":"2022-12-18","purchased_purges":0,"victory":false,"max_hp_per_floor":[66,66,66,66,66,66,66,66,66,66,66,66,66,66,66,66],"relic_stats":{"Nunchaku":[2],"counters":[8,33],"Gambling Chip":[13],"obtain_stats":[{"Nunchaku":10,"NeowsBlessing":0,"Gambling Chip":7,"Ring of the Snake":0,"Meat on the Bone":9},{"Nunchaku":6,"NeowsBlessing":0,"Gambling Chip":5,"Ring of the Snake":0,"Meat on the Bone":5},{"Nunchaku":22,"NeowsBlessing":0,"Gambling Chip":19,"Ring of the Snake":0,"Meat on the Bone":19}],"Ring of the Snake":[16],"Meat on the Bone":24},"card_choices":[{"not_picked":["Deflect","Prepared"],"picked":"Escape Plan","floor":1.0},{"not_picked":["Prepared","Cloak And Dagger"],"picked":"Flying Knee","floor":3.0},{"not_picked":["Bane","Slice"],"picked":"Eviscerate","floor":4.0},{"not_picked":["PiercingWail","Endless Agony","Dodge and Roll"],"picked":"SKIP","floor":5.0},{"not_picked":["Envenom","Flying Knee"],"picked":"Prepared","floor":7.0},{"not_picked":["Backflip","A Thousand Cuts"],"picked":"Predator","floor":10.0},{"not_picked":["Sucker Punch","Outmaneuver","Backflip"],"picked":"SKIP","floor":14.0}],"player_experience":574861,"relics_obtained":[{"floor":7.0,"key":"Gambling Chip"},{"floor":9.0,"key":"Meat on the Bone"},{"floor":10.0,"key":"Nunchaku"}],"event_choices":[{"cards_removed":["Strike_G"],"damage_healed":0.0,"max_hp_gain":0.0,"max_hp_loss":0.0,"gold_gain":0.0,"event_name":"Living Wall","player_choice":"Forget","floor":2.0,"gold_loss":0.0,"damage_taken":0.0},{"cards_removed":["Strike_G"],"damage_healed":0.0,"max_hp_gain":0.0,"max_hp_loss":0.0,"gold_gain":0.0,"event_name":"Golden Wing","player_choice":"Card Removal","floor":12.0,"gold_loss":0.0,"damage_taken":7.0},{"cards_removed":["Defend_G"],"damage_healed":0.0,"max_hp_gain":0.0,"max_hp_loss":0.0,"gold_gain":0.0,"event_name":"Bonfire Elementals","player_choice":"Offered Basic","floor":13.0,"gold_loss":0.0,"damage_taken":0.0}],"is_beta":false,"boss_relics":[],"items_purged_floors":[],"is_endless":false,"potions_floor_spawned":[4,7],"killed_by":"Hexaghost","ascension_level":20}