{"gold_per_floor":[117,117,267,113,113,156,156,191,214,247,262,282,22,22,22,111,111,129,145,166,41,41],"floor_reached":22,"playtime":511,"items_purged":["Doubt","Strike_G","Defend_G"],"score":504,"play_id":"08c1921b-bc5a-4c77-a53d-c2a52bea3eff","local_time":"20240212154241","is_ascension_mode":true,"campfire_choices":[{"data":"Acrobatics","floor":7.0,"key":"SMITH"},{"data":"Blade Dance","floor":15.0,"key":"SMITH"}],"neow_cost":"NONE","seed_source_timestamp":9557631949800,"circlet_count":0,"master_deck":["AscendersBane","Strike_G","Strike_G","Strike_G","Defend_G","Defend_G","Defend_G","Defend_G","Survivor","Neutralize","Acrobatics+1","Flechettes","Dash","Blade Dance+1","Blade Dance","Acrobatics","Grand Finale","Calculated Gamble","Finisher+1"],"special_seed":0,"relics":["Ring of the Snake","NeowsBlessing","Golden Idol","PreservedInsect","Letter Opener","Strawberry","Vajra","SacredBark"],"potions_floor_usage":[16,16,20],"damage_taken":[{"damage":0.0,"enemies":"Jaw Worm","floor":1.0,"turns":1.0},{"damage":0.0,"enemies":"Lagavulin","floor":6.0,"turns":1.0},{"damage":0.0,"enemies":"Gremlin Nob","floor":8.0,"turns":1.0},{"damage":22.0,"enemies":"Lagavulin","floor":10.0,"turns":6.0},{"damage":0.0,"enemies":"2 Louse","floor":11.0,"turns":3.0},{"damage":0.0,"enemies":"Small Slimes","floor":12.0,"turns":2.0},{"damage":19,"enemies":"Slime Boss","floor":16,"turns":9},{"damage":24,"enemies":"Shell Parasite","floor":18,"turns":8},{"damage":0,"enemies":"3 Byrds","floor":19,"turns":2},{"damage":24,"enemies":"Shelled Parasite and Fungi","floor":20,"turns":5},{"damage":0,"enemies":"3 Cultists","floor":22,"turns":2}],"seed_played":"-6634061384074978817","potions_obtained":[{"floor":6.0,"key":"SteroidPotion"},{"floor":11.0,"key":"CunningPotion"},{"floor":12.0,"key":"LiquidBronze"},{"floor":16,"key":"EssenceOfSteel"},{"floor":20,"key":"Fruit Juice"}],"is_trial":false,"path_per_floor":["M","?","?","$","?","E","R","E","T","E","M","M","$","?","R","B",null,"M","M","M","$","M"],"character_chosen":"THE_SILENT","basemod:card_modifiers":[null,null,null,null,null,null,null,null,null,null,null,null,null,null,null,null,null,null,null],"items_purchased":["Flechettes","Vajra"],"campfire_rested":0,"item_purchase_floors":[4,13],"current_hp_per_floor":[59,36,36,36,58,58,58,58,58,43,43,43,43,43,43,24,61,37,37,13,13,13],"gold":41,"neow_bonus":"THREE_ENEMY_KILL","is_prod":false,"is_daily":false,"chose_seed":false,"campfire_upgraded":2,"win_rate":0,"timestamp":1707720161,"path_taken":["M","?","?","$","?","E","R","E","T","E","M","M","$","?","R","BOSS","M","M","M","$","M"],"build_version":"2022-12-18","purchased_purges":3,"victory":false,"max_hp_per_floor":[66,66,66,66,66,66,66,66,66,73,73,73,73,73,73,73,73,73,73,73,73,73],"relic_stats":{"counters":[11,40],"Golden Idol":59,"PreservedInsect":29,"Letter Opener":[29],"obtain_stats":[{"NeowsBlessing":0,"Golden Idol":2,"Strawberry":10,"SacredBark":17,"Vajra":13,"PreservedInsect":6,"Letter Opener":8,"Ring of the Snake":0},{"NeowsBlessing":0,"Golden Idol":1,"Strawberry":4,"SacredBark":7,"Vajra":6,"PreservedInsect":2,"Letter Opener":3,"Ring of the Snake":0},{"NeowsBlessing":0,"Golden Idol":1,"Strawberry":9,"SacredBark":23,"Vajra":14,"PreservedInsect":2,"Letter Opener":3,"Ring of the Snake":0}],"Ring of the Snake":[22]},"card_choices":[{"not_picked":["Bane","Deadly Poison"],"picked":"Acrobatics","floor":1.0},{"not_picked":["Poisoned Stab","Prepared"],"picked":"Dash","floor":6.0},{"not_picked":["Crippling Poison","Doppelganger"],"picked":"Blade Dance","floor":8.0},{"not_picked":["Outmaneuver","Endless Agony","Heel Hook"],"picked":"SKIP","floor":10.0},{"not_picked":["Outmaneuver","Endless Agony","Heel Hook"],"picked":"SKIP","floor":10.0},{"not_picked":["Crippling Poison","Deflect"],"picked":"Blade Dance","floor":11.0},{"not_picked":["Underhanded Strike","Backflip"],"picked":"Acrobatics","floor":12.0},{"not_picked":["Corpse Explosion","Storm of Steel"],"picked":"Grand Finale","floor":16},{"not_picked":["Distraction","Flying Knee"],"picked":"Calculated Gamble","floor":18},{"not_picked":["Dagger Spray","Riddle With Holes"],"picked":"Finisher+1","floor":19},{"not_picked":["Deflect","Poisoned Stab+1","PiercingWail"],"picked":"SKIP","floor":20}],"player_experience":602286,"relics_obtained":[{"floor":6.0,"key":"PreservedInsect"},{"floor":8.0,"key":"Letter Opener"},{"floor":10.0,"key":"Strawberry"}],"event_choices":[{"damage_healed":0.0,"max_hp_gain":0.0,"max_hp_loss":0.0,"gold_gain":0.0,"event_name":"Golden Idol","player_choice":"Take Damage","floor":2.0,"gold_loss":0.0,"damage_taken":23.0,"relics_obtained":["Golden Idol"]},{"damage_healed":0.0,"max_hp_gain":0.0,"max_hp_loss":0.0,"gold_gain":150.0,"event_name":"Liars Game","player_choice":"AGREE","floor":3.0,"gold_loss":0.0,"damage_taken":0.0,"cards_obtained":["Doubt"]},{"damage_healed":22.0,"max_hp_gain":0.0,"max_hp_loss":0.0,"gold_gain":0.0,"event_name":"Big Fish","player_choice":"Banana","floor":5.0,"gold_loss":0.0,"damage_taken":0.0},{"cards_removed":["Strike_G"],"damage_healed":0.0,"max_hp_gain":0.0,"max_hp_loss":0.0,"gold_gain":0.0,"event_name":"Purifier","player_choice":"Purged","floor":14.0,"gold_loss":0.0,"damage_taken":0.0}],"is_beta":false,"boss_relics":[{"not_picked":["Sozu","Ring of the Serpent"],"picked":"SacredBark"}],"items_purged_floors":[4,13,21],"is_endless":false,"potions_floor_spawned":[6,11,12,16,20],"killed_by":"3 Cultists","ascension_level":20}