{"gold_per_floor":[114,129,129,148,167,184,184,194,221,239,239,164,196,215,215,290,290,300,314,76,76,76,76,108,118,200,216,216,226,67,79,79,153,153,167,167,187,212,212,212,212],"floor_reached":41,"playtime":1189,"items_purged":["Strike_G","Strike_G"],"score":884,"play_id":"fe287baa-6a31-46dd-a56e-7ffa635e014d","local_time":"20240212161106","is_ascension_mode":true,"campfire_choices":[{"data":"Cloak And Dagger","floor":7.0,"key":"SMITH"},{"data":"Blade Dance","floor":11.0,"key":"SMITH"},{"data":"Terror","floor":15.0,"key":"SMITH"},{"floor":23,"key":"REST"},{"floor":32,"key":"REST"},{"data":"Acrobatics","floor":40,"key":"SMITH"}],"neow_cost":"TEN_PERCENT_HP_LOSS","seed_source_timestamp":10691667625700,"circlet_count":0,"master_deck":["AscendersBane","Strike_G","Defend_G","Defend_G","Defend_G","Defend_G","Survivor","Neutralize","Panache","Dagger Throw","Underhanded Strike","Terror+1","Cloak And Dagger+1","Blade Dance+1","Prepared","Envenom","PiercingWail","Footwork","Ghostly","Ghostly","Ghostly","Acrobatics+1","Backflip","Tactician"],"special_seed":0,"relics":["Ring of the Snake","Akabeko","Snake Skull","HoveringKite","OrangePellets","Happy Flower","HornCleat","Empty Cage","TungstenRod"],"potions_floor_usage":[16,24,27,33],"damage_taken":[{"damage":2.0,"enemies":"Cultist","floor":1.0,"turns":5.0},{"damage":1.0,"enemies":"2 Louse","floor":2.0,"turns":5.0},{"damage":7.0,"enemies":"Jaw Worm","floor":4.0,"turns":7.0},{"damage":7.0,"enemies":"2 Fungi Beasts","floor":5.0,"turns":5.0},{"damage":0.0,"enemies":"Looter","floor":6.0,"turns":4.0},{"damage":13.0,"enemies":"Exordium Wildlife","floor":8.0,"turns":6.0},{"damage":0.0,"enemies":"2 Fungi Beasts","floor":10.0,"turns":2.0},{"damage":0.0,"enemies":"3 Sentries","floor":13.0,"turns":4.0},{"damage":0.0,"enemies":"Large Slime","floor":14.0,"turns":3.0},{"damage":17,"enemies":"Slime Boss","floor":16,"turns":7},{"damage":8,"enemies":"3 Byrds","floor":18,"turns":3},{"damage":15,"enemies":"Shell Parasite","floor":19,"turns":4},{"damage":37,"enemies":"Book of Stabbing","floor":24,"turns":4},{"damage":14,"enemies":"Centurion and Healer","floor":25,"turns":6},{"damage":5,"enemies":"Cultist and Chosen","floor":27,"turns":5},{"damage":0,"enemies":"Snecko","floor":29,"turns":5},{"damage":0,"enemies":"3 Cultists","floor":31,"turns":4},{"damage":3,"enemies":"Collector","floor":33,"turns":7},{"damage":1,"enemies":"Orb Walker","floor":35,"turns":4},{"damage":1,"enemies":"3 Shapes","floor":37,"turns":6},{"damage":3,"enemies":"Mind Bloom Boss Battle","floor":38,"turns":7},{"damage":0,"enemies":"Giant Head","floor":41,"turns":5}],"seed_played":"-757366683380100131","potions_obtained":[{"floor":2.0,"key":"Regen Potion"},{"floor":8.0,"key":"FearPotion"},{"floor":16,"key":"GhostInAJar"},{"floor":24,"key":"Strength Potion"},{"floor":37,"key":"LiquidBronze"}],"is_trial":false,"path_per_floor":["M","M","?","M","M","M","R","M","T","M","R","?","E","M","R","B",null,"M","M","$","?","?","R","E","M","T","M","?","M","$","M","R","B",null,"M","?","M","?","?","R","E"],"character_chosen":"THE_SILENT","basemod:card_modifiers":[null,null,null,null,null,null,null,null,null,null,null,null,null,null,null,null,null,null,null,null,null,null,null,null],"items_purchased":["OrangePellets","Acrobatics"],"campfire_rested":2,"item_purchase_floors":[20,30],"current_hp_per_floor":[57,56,61,54,47,47,47,34,34,34,34,34,34,34,34,17,53,45,30,30,30,30,49,24,10,10,5,5,5,5,5,14,11,27,26,26,25,22,22,22,22],"gold":212,"neow_bonus":"RANDOM_COLORLESS_2","is_prod":false,"is_daily":false,"chose_seed":false,"campfire_upgraded":4,"win_rate":0,"timestamp":1707721866,"path_taken":["M","?","?","M","M","M","R","M","T","M","R","?","E","M","R","BOSS","M","M","$","?","?","R","E","M","T","M","?","M","$","M","R","BOSS","M","?","M","?","?","R","E"],"build_version":"2022-12-18","purchased_purges":2,"victory":false,"max_hp_per_floor":[60,60,65,65,65,65,65,65,65,65,65,65,65,65,65,65,65,65,65,65,65,65,65,65,65,65,65,32,32,32,32,32,32,32,32,32,32,32,32,32,32],"relic_stats":{"OrangePellets":[2],"Happy Flower":[16],"counters":[22,108],"HoveringKite":[37],"Snake Skull":[122],"obtain_stats":[{"OrangePellets":20,"HornCleat":26,"Happy Flower":24,"HoveringKite":17,"Snake Skull":13,"Empty Cage":34,"Akabeko":9,"TungstenRod":38,"Ring of the Snake":0},{"OrangePellets":12,"HornCleat":14,"Happy Flower":13,"HoveringKite":10,"Snake Skull":8,"Empty Cage":18,"Akabeko":6,"TungstenRod":21,"Ring of the Snake":0},{"OrangePellets":55,"HornCleat":65,"Happy Flower":59,"HoveringKite":48,"Snake Skull":38,"Empty Cage":86,"Akabeko":32,"TungstenRod":103,"Ring of the Snake":0}],"TungstenRod":1,"Ring of the Snake":[44]},"card_choices":[{"not_picked":["Metamorphosis","Master of Strategy"],"picked":"Panache","floor":0.0},{"not_picked":["Quick Slash","Acrobatics","Riddle With Holes"],"picked":"SKIP","floor":1.0},{"not_picked":["Cloak And Dagger","Skewer"],"picked":"Dagger Throw","floor":2.0},{"not_picked":["Outmaneuver","Escape Plan"],"picked":"Underhanded Strike","floor":4.0},{"not_picked":["Bane","Setup"],"picked":"Terror","floor":5.0},{"not_picked":["Flying Knee","Deflect"],"picked":"Cloak And Dagger","floor":6.0},{"not_picked":["Riddle With Holes","Sucker Punch"],"picked":"Blade Dance","floor":8.0},{"not_picked":["Dash","Sucker Punch","Acrobatics"],"picked":"SKIP","floor":10.0},{"not_picked":["Deadly Poison","Masterful Stab"],"picked":"Prepared","floor":13.0},{"not_picked":["Endless Agony","Poisoned Stab","Setup"],"picked":"SKIP","floor":14.0},{"not_picked":["Glass Knife","Unload"],"picked":"Envenom","floor":16},{"not_picked":["Noxious Fumes","Catalyst","Flechettes"],"picked":"SKIP","floor":18},{"not_picked":["Sucker Punch+1","Underhanded Strike"],"picked":"Well Laid Plans","floor":19},{"not_picked":["Outmaneuver","Malaise"],"picked":"PiercingWail","floor":24},{"not_picked":["Dash","Dagger Throw","All Out Attack"],"picked":"SKIP","floor":25},{"not_picked":["Flying Knee+1","Dodge and Roll"],"picked":"Footwork","floor":27},{"not_picked":["Dodge and Roll+1","PiercingWail","Setup"],"picked":"SKIP","floor":29},{"not_picked":["Prepared","Predator"],"picked":"Backflip","floor":31},{"not_picked":["Heel Hook+1","Dagger Throw","Backstab"],"picked":"SKIP","floor":35},{"not_picked":["Blur+1","Deadly Poison+1"],"picked":"Tactician","floor":37}],"player_experience":603233,"relics_obtained":[{"floor":9.0,"key":"Akabeko"},{"floor":13.0,"key":"Snake Skull"},{"floor":24,"key":"Happy Flower"},{"floor":26,"key":"HornCleat"},{"floor":38,"key":"TungstenRod"}],"event_choices":[{"damage_healed":0.0,"max_hp_gain":5.0,"max_hp_loss":0.0,"gold_gain":0.0,"event_name":"Big Fish","player_choice":"Donut","floor":3.0,"gold_loss":0.0,"damage_taken":0.0},{"cards_removed":["Strike_G"],"damage_healed":0.0,"max_hp_gain":0.0,"max_hp_loss":0.0,"gold_gain":0.0,"event_name":"The Cleric","player_choice":"Card Removal","floor":12.0,"gold_loss":75.0,"damage_taken":0.0},{"damage_healed":0,"gold_gain":0,"player_choice":"Ignored","damage_taken":0,"max_hp_gain":0,"max_hp_loss":0,"event_name":"Cursed Tome","floor":21,"gold_loss":0},{"damage_healed":0,"gold_gain":0,"player_choice":"Ignored","damage_taken":0,"max_hp_gain":0,"max_hp_loss":0,"event_name":"The Mausoleum","floor":22,"gold_loss":0},{"damage_healed":0,"gold_gain":0,"player_choice":"Became a Ghost","damage_taken":0,"max_hp_gain":0,"max_hp_loss":33,"event_name":"Ghosts","floor":28,"gold_loss":0,"cards_obtained":["Ghostly","Ghostly","Ghostly"]},{"damage_healed":0,"gold_gain":0,"player_choice":"Ignored","damage_taken":0,"max_hp_gain":0,"max_hp_loss":0,"event_name":"Tomb of Lord Red Mask","floor":36,"gold_loss":0},{"damage_healed":0,"gold_gain":0,"player_choice":"Fight","damage_taken":0,"max_hp_gain":0,"max_hp_loss":0,"event_name":"MindBloom","floor":38,"gold_loss":0},{"cards_removed":["Well Laid Plans"],"damage_healed":0,"gold_gain":0,"player_choice":"Removed Power","damage_taken":0,"max_hp_gain":0,"max_hp_loss":0,"event_name":"Falling","floor":39,"gold_loss":0}],"is_beta":false,"boss_relics":[{"not_picked":["Ectoplasm","Ring of the Serpent"],"picked":"HoveringKite"},{"not_picked":["Coffee Dripper","SacredBark"],"picked":"Empty Cage"}],"items_purged_floors":[20,30],"is_endless":false,"potions_floor_spawned":[2,8,13,16,18,19,24,37],"killed_by":"Giant Head","ascension_level":20}