{"gold_per_floor":[116,128,142,142,158,191,64,97,97,97,124,124,124,134,134,230,230,247,261,273,173,186,186,214,214,214,214,214,234,259,358,358,462,462,475,475,488,363,363,363,213,213,213,247,265,281,281,10,10,10,10,10,10,41,41],"floor_reached":56,"playtime":2256,"items_purged":["Pain","Strike_B","Strike_B","Defend_B","Cold Snap"],"score":1513,"play_id":"de96a166-16dc-492e-ab62-0f58cc8a2181","local_time":"20240211210753","is_ascension_mode":true,"campfire_choices":[{"floor":10,"key":"REST"},{"data":"Strike_B","floor":13,"key":"PURGE"},{"data":"Coolheaded","floor":15,"key":"SMITH"},{"data":"Defend_B","floor":23,"key":"PURGE"},{"data":"Defend_B","floor":25,"key":"PURGE"},{"floor":27,"key":"REST"},{"floor":32,"key":"REST"},{"data":"Strike_B","floor":40,"key":"PURGE"},{"data":"Zap","floor":42,"key":"PURGE"},{"floor":47,"key":"REST"},{"floor":49,"key":"RECALL"},{"data":"Doubt","floor":52,"key":"PURGE"}],"neow_cost":"NONE","seed_source_timestamp":18367103376900,"circlet_count":0,"master_deck":["Defend_B","Dualcast","Finesse","Ball Lightning","Streamline","Coolheaded+1","Reinforced Body","Core Surge","Coolheaded+1","Recycle"],"relics":["Cracked Core","WarpedTongs","Sundial","Darkstone Periapt","Peace Pipe","WingedGreaves","Philosopher\u0027s Stone","Strawberry","Symbiotic Virus","Regal Pillow","Cursed Key","Mummified Hand","Membership Card","Pantograph"],"potions_floor_usage":[8,8,16,16,19,24,30,30,33,44,55,55,55],"damage_taken":[{"damage":5,"enemies":"Small Slimes","floor":1,"turns":4},{"damage":0,"enemies":"Cultist","floor":2,"turns":3},{"damage":7,"enemies":"Jaw Worm","floor":3,"turns":2},{"damage":12,"enemies":"Gremlin Gang","floor":5,"turns":5},{"damage":20,"enemies":"3 Sentries","floor":6,"turns":6},{"damage":14,"enemies":"Gremlin Nob","floor":8,"turns":4},{"damage":11,"enemies":"Lagavulin","floor":11,"turns":7},{"damage":8,"enemies":"Exordium Thugs","floor":14,"turns":5},{"damage":4,"enemies":"Hexaghost","floor":16,"turns":8},{"damage":2,"enemies":"Chosen","floor":18,"turns":5},{"damage":10,"enemies":"2 Thieves","floor":19,"turns":4},{"damage":7,"enemies":"Snecko","floor":20,"turns":5},{"damage":3,"enemies":"Shelled Parasite and Fungi","floor":22,"turns":6},{"damage":28,"enemies":"Gremlin Leader","floor":24,"turns":8},{"damage":0,"enemies":"Sentry and Sphere","floor":29,"turns":6},{"damage":31,"enemies":"Slavers","floor":30,"turns":6},{"damage":39,"enemies":"Collector","floor":33,"turns":9},{"damage":16,"enemies":"3 Darklings","floor":35,"turns":7},{"damage":4,"enemies":"Orb Walker","floor":37,"turns":4},{"damage":47,"enemies":"Nemesis","floor":44,"turns":13},{"damage":0,"enemies":"Transient","floor":45,"turns":4},{"damage":0,"enemies":"Spire Growth","floor":46,"turns":4},{"damage":14,"enemies":"Awakened One","floor":50,"turns":4},{"damage":20,"enemies":"Shield and Spear","floor":54,"turns":3},{"damage":48,"enemies":"The Heart","floor":55,"turns":4}],"seed_played":"-8776046462358222238","potions_obtained":[{"floor":2,"key":"SpeedPotion"},{"floor":8,"key":"FearPotion"},{"floor":12,"key":"DistilledChaos"},{"floor":12,"key":"ColorlessPotion"},{"floor":16,"key":"DuplicationPotion"},{"floor":22,"key":"LiquidBronze"},{"floor":24,"key":"Weak Potion"},{"floor":29,"key":"FearPotion"},{"floor":30,"key":"Ancient Potion"},{"floor":37,"key":"DuplicationPotion"},{"floor":45,"key":"BlessingOfTheForge"},{"floor":46,"key":"SteroidPotion"}],"is_trial":false,"path_per_floor":["M","M","M","?","M","E","$","E","T","R","E","?","R","M","R","B",null,"M","M","M","$","M","R","E","R","T","R","?","M","E","?","R","B",null,"M","?","M","$","?","R","$","R","T","E","M","M","R","$","R","B",null,"R","$","E","B",null],"character_chosen":"DEFECT","basemod:card_modifiers":[null,null,null,null,null,null,null,null,null,null],"items_purchased":["BlessingOfTheForge","Membership Card","Swift Potion"],"campfire_rested":4,"item_purchase_floors":[7,48,48],"current_hp_per_floor":[63,63,56,56,44,24,24,10,10,32,21,21,21,13,13,9,59,57,47,40,40,37,37,16,16,16,40,40,40,9,9,48,9,64,48,48,44,44,44,44,44,44,50,3,3,3,44,44,44,30,74,74,74,54,31],"gold":41,"neow_bonus":"RANDOM_COLORLESS","is_prod":false,"is_daily":false,"chose_seed":false,"campfire_upgraded":1,"win_rate":0,"timestamp":1707653273,"path_taken":["M","M","M","?","?","E","$","E","T","R","E","?","R","M","R","BOSS","M","M","?","$","M","R","E","R","T","R","?","M","E","?","R","BOSS","M","?","M","$","?","R","$","R","T","E","M","?","R","?","R","BOSS","R","$","E","BOSS"],"build_version":"2022-12-18","purchased_purges":5,"victory":true,"max_hp_per_floor":[75,75,75,75,75,75,75,75,75,75,75,75,75,75,75,75,75,75,75,75,75,75,75,82,82,82,82,82,82,82,82,82,82,82,82,82,82,82,82,82,82,82,88,88,88,88,88,88,88,88,88,88,88,88,88],"relic_stats":{"Darkstone Periapt":6,"Peace Pipe":6,"Regal Pillow":30,"counters":[25,136],"Sundial":[370],"Mummified Hand":[0],"Pantograph":25,"WingedGreaves":3,"Membership Card":112,"Cursed Key":1,"obtain_stats":[{"Darkstone Periapt":8,"Regal Pillow":30,"Cursed Key":34,"WarpedTongs":4,"Peace Pipe":9,"Sundial":6,"Mummified Hand":44,"Strawberry":24,"Pantograph":54,"Philosopher\u0027s Stone":17,"WingedGreaves":11,"Membership Card":48,"Cracked Core":0,"Symbiotic Virus":26},{"Darkstone Periapt":6,"Regal Pillow":16,"Cursed Key":17,"WarpedTongs":3,"Peace Pipe":6,"Sundial":5,"Mummified Hand":20,"Strawberry":14,"Pantograph":24,"Philosopher\u0027s Stone":9,"WingedGreaves":7,"Membership Card":22,"Cracked Core":0,"Symbiotic Virus":14},{"Darkstone Periapt":24,"Regal Pillow":84,"Cursed Key":93,"WarpedTongs":9,"Peace Pipe":24,"Sundial":20,"Mummified Hand":117,"Strawberry":72,"Pantograph":132,"Philosopher\u0027s Stone":44,"WingedGreaves":31,"Membership Card":125,"Cracked Core":0,"Symbiotic Virus":72}],"WarpedTongs":[116]},"card_choices":[{"not_picked":["Good Instincts","Enlightenment"],"picked":"Finesse","floor":0},{"not_picked":["Force Field","Stack"],"picked":"Ball Lightning","floor":1},{"not_picked":["Capacitor","Gash"],"picked":"Streamline","floor":2},{"not_picked":["Steam","Compile Driver","Static Discharge"],"picked":"SKIP","floor":3},{"not_picked":["Tempest","Hello World"],"picked":"Coolheaded","floor":5},{"not_picked":["Conserve Battery","Chill","Beam Cell"],"picked":"SKIP","floor":6},{"not_picked":["Leap","Conserve Battery"],"picked":"Reinforced Body","floor":8},{"not_picked":["Multi-Cast","Genetic Algorithm"],"picked":"Cold Snap","floor":11},{"not_picked":["Consume","Reinforced Body"],"picked":"Defragment","floor":14},{"not_picked":["Biased Cognition","Multi-Cast"],"picked":"Core Surge","floor":16},{"not_picked":["Redo","Chaos+1"],"picked":"Coolheaded+1","floor":18},{"not_picked":["Conserve Battery","Turbo","Sweeping Beam"],"picked":"SKIP","floor":19},{"not_picked":["Chaos","Rebound","Self Repair"],"picked":"SKIP","floor":20},{"not_picked":["Conserve Battery+1","Melter+1","Rip and Tear+1"],"picked":"SKIP","floor":22},{"not_picked":["All For One","Ball Lightning","Undo"],"picked":"SKIP","floor":24},{"not_picked":["Go for the Eyes+1","Streamline","Chaos"],"picked":"SKIP","floor":29},{"not_picked":["Machine Learning","Go for the Eyes+1","Leap"],"picked":"SKIP","floor":30},{"not_picked":["Rip and Tear+1","BootSequence+1","Ball Lightning"],"picked":"SKIP","floor":35},{"not_picked":["Storm","Glacier+1","Stack+1"],"picked":"SKIP","floor":37},{"not_picked":["Hologram","Steam","Echo Form"],"picked":"SKIP","floor":44},{"not_picked":["Conserve Battery+1","Redo+1","Self Repair"],"picked":"SKIP","floor":45},{"not_picked":["Beam Cell","Coolheaded","White Noise"],"picked":"SKIP","floor":46},{"not_picked":["Stack","Reinforced Body","Beam Cell"],"picked":"SKIP","floor":54}],"player_experience":579273,"relics_obtained":[{"floor":6,"key":"Sundial"},{"floor":8,"key":"Darkstone Periapt"},{"floor":9,"key":"Peace Pipe"},{"floor":11,"key":"WingedGreaves"},{"floor":24,"key":"Strawberry"},{"floor":26,"key":"Symbiotic Virus"},{"floor":30,"key":"Regal Pillow"},{"floor":44,"key":"Mummified Hand"},{"floor":54,"key":"Pantograph"}],"event_choices":[{"damage_healed":0,"gold_gain":0,"player_choice":"Rummage","damage_taken":0,"relics_obtained":["WarpedTongs"],"max_hp_gain":0,"max_hp_loss":0,"event_name":"Accursed Blacksmith","floor":4,"gold_loss":0,"cards_obtained":["Pain"]},{"damage_healed":0,"gold_gain":0,"player_choice":"Got Potions","damage_taken":0,"max_hp_gain":0,"max_hp_loss":0,"event_name":"Lab","floor":12,"gold_loss":0},{"damage_healed":0,"gold_gain":0,"player_choice":"Read","damage_taken":0,"max_hp_gain":0,"max_hp_loss":0,"event_name":"The Library","floor":28,"gold_loss":0,"cards_obtained":["Recycle"]},{"damage_healed":0,"gold_gain":99,"player_choice":"Stole From Cult","damage_taken":0,"max_hp_gain":0,"max_hp_loss":0,"event_name":"Nest","floor":31,"gold_loss":0},{"cards_removed":["Defragment"],"damage_healed":0,"gold_gain":0,"player_choice":"Removed Power","damage_taken":0,"max_hp_gain":0,"max_hp_loss":0,"event_name":"Falling","floor":36,"gold_loss":0},{"damage_healed":0,"gold_gain":0,"player_choice":"Ignored","damage_taken":0,"max_hp_gain":0,"max_hp_loss":0,"event_name":"Mysterious Sphere","floor":39,"gold_loss":0}],"is_beta":false,"boss_relics":[{"not_picked":["FrozenCore","SacredBark"],"picked":"Philosopher\u0027s Stone"},{"not_picked":["Velvet Choker","Calling Bell"],"picked":"Cursed Key"}],"items_purged_floors":[7,21,38,41,48],"is_endless":false,"potions_floor_spawned":[2,8,16,22,24,29,30,37,45,46],"ascension_level":6}