{"gold_per_floor":[111,111,122,137,137,137,170,170,170,197,197],"floor_reached":11,"playtime":226,"items_purged":[],"score":162,"play_id":"dac1a835-95bb-42fa-bb26-77d5ed598651","local_time":"20240212010940","is_ascension_mode":true,"campfire_choices":[{"data":"Predator","floor":6,"key":"SMITH"},{"data":"Neutralize","floor":8,"key":"SMITH"}],"neow_cost":"NONE","seed_source_timestamp":34911170593199,"circlet_count":0,"master_deck":["AscendersBane","Strike_G","Strike_G","Strike_G","Strike_G","Defend_G","Defend_G","Defend_G","Defend_G","Survivor","Neutralize+1","Finesse","Predator+1","Slice","Glass Knife+1"],"relics":["Ring of the Snake","StrikeDummy","Molten Egg 2","Centennial Puzzle"],"potions_floor_usage":[10,11],"damage_taken":[{"damage":0,"enemies":"2 Louse","floor":1,"turns":4},{"damage":6,"enemies":"Jaw Worm","floor":3,"turns":6},{"damage":1,"enemies":"Cultist","floor":4,"turns":3},{"damage":21,"enemies":"Gremlin Nob","floor":7,"turns":4},{"damage":27,"enemies":"3 Sentries","floor":10,"turns":7},{"damage":10,"enemies":"Gremlin Gang","floor":11,"turns":1}],"seed_played":"-5342116151962220915","potions_obtained":[{"floor":7,"key":"ColorlessPotion"},{"floor":10,"key":"Regen Potion"}],"is_trial":false,"path_per_floor":["M","?","M","M","?","R","E","R","T","E","M"],"character_chosen":"THE_SILENT","basemod:card_modifiers":[null,null,null,null,null,null,null,null,null,null,null,null,null,null,null],"items_purchased":[],"campfire_rested":0,"item_purchase_floors":[],"current_hp_per_floor":[59,59,53,52,52,52,31,31,31,4,0],"gold":197,"neow_bonus":"RANDOM_COLORLESS","is_prod":false,"is_daily":false,"chose_seed":false,"campfire_upgraded":2,"win_rate":0,"timestamp":1707667780,"path_taken":["M","?","M","M","?","R","E","R","T","E","M"],"build_version":"2022-12-18","purchased_purges":0,"victory":false,"max_hp_per_floor":[66,66,66,66,66,66,66,66,66,66,66],"relic_stats":{"Centennial Puzzle":[3],"counters":[6,25],"obtain_stats":[{"Centennial Puzzle":10,"Molten Egg 2":9,"StrikeDummy":7,"Ring of the Snake":0},{"Centennial Puzzle":5,"Molten Egg 2":4,"StrikeDummy":4,"Ring of the Snake":0},{"Centennial Puzzle":24,"Molten Egg 2":17,"StrikeDummy":17,"Ring of the Snake":0}],"Ring of the Snake":[12]},"card_choices":[{"not_picked":["Impatience","Mind Blast"],"picked":"Finesse","floor":0},{"not_picked":["Distraction","Sucker Punch","Prepared"],"picked":"SKIP","floor":1},{"not_picked":["Prepared","Finisher"],"picked":"Predator","floor":3},{"not_picked":["Bane","All Out Attack"],"picked":"Slice","floor":4},{"not_picked":["Caltrops","Burst","Finisher"],"picked":"SKIP","floor":7},{"not_picked":["Accuracy","Choke+1"],"picked":"Glass Knife+1","floor":10}],"player_experience":588146,"relics_obtained":[{"floor":7,"key":"StrikeDummy"},{"floor":9,"key":"Molten Egg 2"},{"floor":10,"key":"Centennial Puzzle"}],"event_choices":[{"cards_removed":["Strike_G"],"damage_healed":0,"gold_gain":0,"player_choice":"Forget","damage_taken":0,"max_hp_gain":0,"max_hp_loss":0,"event_name":"Living Wall","floor":2,"gold_loss":0},{"cards_removed":["Defend_G"],"damage_healed":0,"gold_gain":0,"player_choice":"Offered Basic","damage_taken":0,"max_hp_gain":0,"max_hp_loss":0,"event_name":"Bonfire Elementals","floor":5,"gold_loss":0}],"is_beta":false,"boss_relics":[],"items_purged_floors":[],"is_endless":false,"potions_floor_spawned":[7,10],"killed_by":"Gremlin Gang","ascension_level":20}