{"gold_per_floor":[18,18,40,65,90,102,148,172,184,209,221,233,87,106,106,183,183,198,158,208,218,38,38,53,53,53,79,106,106,6,106,106,185,185,202,202,49,63,63,97,115,115,115,144,144,171,171,21,21,21,21,21,21,21,54,54],"floor_reached":56,"playtime":2833,"items_purged":["Strike_G","Strike_G","Strike_G","Defend_G"],"score":2006,"play_id":"c2484e33-0808-4d9f-a435-3c28581b6781","local_time":"20240212010543","is_ascension_mode":true,"campfire_choices":[{"data":"Flying Knee","floor":6.0,"key":"SMITH"},{"data":"Poisoned Stab","floor":12.0,"key":"SMITH"},{"data":"Footwork","floor":15.0,"key":"SMITH"},{"floor":23.0,"key":"REST"},{"floor":25.0,"key":"REST"},{"floor":32.0,"key":"REST"},{"floor":42.0,"key":"RECALL"},{"floor":45.0,"key":"REST"},{"floor":47.0,"key":"REST"},{"floor":49.0,"key":"REST"},{"floor":53.0,"key":"REST"}],"neow_cost":"NO_GOLD","seed_source_timestamp":31764034465000,"circlet_count":0,"master_deck":["AscendersBane","Defend_G","Defend_G","Defend_G","Survivor","Neutralize","Dodge and Roll","Calculated Gamble","Flying Knee+1","Slice","Glass Knife","Poisoned Stab+1","Footwork+1","Backflip","Prepared+1","Acrobatics","Bouncing Flask","Apotheosis","Reflex","Venomology","Concentrate","Backflip","Acrobatics"],"special_seed":0,"relics":["Ring of the Snake","MawBank","Art of War","Thread and Needle","Fusion Hammer","White Beast Statue","Akabeko","Pocketwatch","Blue Candle","HoveringKite","Sundial","Gremlin Horn","Meat on the Bone","StoneCalendar"],"potions_floor_usage":[56,56],"damage_taken":[{"damage":2.0,"enemies":"Cultist","floor":1.0,"turns":4.0},{"damage":0.0,"enemies":"Jaw Worm","floor":3.0,"turns":6.0},{"damage":2.0,"enemies":"Small Slimes","floor":4.0,"turns":4.0},{"damage":18.0,"enemies":"Exordium Thugs","floor":5.0,"turns":6.0},{"damage":19.0,"enemies":"Lagavulin","floor":7.0,"turns":7.0},{"damage":3.0,"enemies":"Looter","floor":8.0,"turns":3.0},{"damage":9.0,"enemies":"Large Slime","floor":10.0,"turns":8.0},{"damage":0.0,"enemies":"Blue Slaver","floor":14.0,"turns":4.0},{"damage":0.0,"enemies":"The Guardian","floor":16.0,"turns":14.0},{"damage":5.0,"enemies":"Shell Parasite","floor":18.0,"turns":6.0},{"damage":28.0,"enemies":"2 Thieves","floor":19.0,"turns":5.0},{"damage":16.0,"enemies":"Snecko","floor":21.0,"turns":7.0},{"damage":0.0,"enemies":"Chosen and Byrds","floor":24.0,"turns":8.0},{"damage":23.0,"enemies":"Slavers","floor":27.0,"turns":7.0},{"damage":5.0,"enemies":"Colosseum Slavers","floor":31.0,"turns":5.0},{"damage":3.0,"enemies":"Colosseum Nobs","floor":31.0,"turns":6.0},{"damage":16.0,"enemies":"Champ","floor":33.0,"turns":12.0},{"damage":2.0,"enemies":"3 Shapes","floor":35.0,"turns":6.0},{"damage":0.0,"enemies":"Orb Walker","floor":38.0,"turns":4.0},{"damage":27.0,"enemies":"Giant Head","floor":40.0,"turns":8.0},{"damage":0.0,"enemies":"3 Darklings","floor":41.0,"turns":7.0},{"damage":8.0,"enemies":"Nemesis","floor":44.0,"turns":7.0},{"damage":9.0,"enemies":"Reptomancer","floor":46.0,"turns":6.0},{"damage":50.0,"enemies":"Time Eater","floor":50.0,"turns":13.0},{"damage":2.0,"enemies":"Awakened One","floor":51.0,"turns":10.0},{"damage":56.0,"enemies":"Shield and Spear","floor":55.0,"turns":8.0},{"damage":18,"enemies":"The Heart","floor":56,"turns":6}],"seed_played":"484509459797484585","potions_obtained":[{"floor":3.0,"key":"PowerPotion"},{"floor":5.0,"key":"Ancient Potion"},{"floor":10.0,"key":"Weak Potion"},{"floor":16.0,"key":"LiquidMemories"},{"floor":19.0,"key":"ColorlessPotion"},{"floor":21.0,"key":"Fire Potion"},{"floor":24.0,"key":"Block Potion"},{"floor":27.0,"key":"Strength Potion"},{"floor":31.0,"key":"CultistPotion"},{"floor":33.0,"key":"DistilledChaos"},{"floor":35.0,"key":"Energy Potion"},{"floor":40.0,"key":"Fire Potion"},{"floor":41.0,"key":"AttackPotion"},{"floor":44.0,"key":"PowerPotion"},{"floor":46.0,"key":"GhostInAJar"},{"floor":55.0,"key":"AttackPotion"}],"is_trial":false,"path_per_floor":["M","T","M","M","M","R","E","M","T","M","?","R","$","M","R","B",null,"M","M","?","M","$","R","M","R","T","E","T","?","$","?","R","B",null,"M","?","$","M","?","E","M","R","T","E","R","E","R","$","R","B","B",null,"R","$","E","B"],"character_chosen":"THE_SILENT","basemod:card_modifiers":[null,null,null,null,null,null,null,null,null,null,null,null,null,null,null,null,null,null,null,null,null,null,null],"items_purchased":["Footwork","Apotheosis","Backflip"],"campfire_rested":7,"item_purchase_floors":[13,22,37],"current_hp_per_floor":[57,57,57,55,37,37,18,15,15,6,28,28,28,28,28,28,57,52,24,24,8,8,27,27,46,46,23,23,23,23,15,34,18,54,52,52,52,52,52,25,25,25,25,17,35,38,56,56,63,25,35,56,63,63,19,1],"gold":54,"neow_bonus":"TRANSFORM_TWO_CARDS","is_prod":false,"is_daily":false,"chose_seed":false,"campfire_upgraded":3,"win_rate":0,"timestamp":1707667543,"path_taken":["M","?","M","M","M","R","E","M","T","M","?","R","$","M","R","BOSS","M","M","?","M","$","R","M","R","T","E","?","?","$","?","R","BOSS","M","?","$","M","?","E","M","R","T","E","R","E","R","$","R","BOSS","BOSS","R","$","E","BOSS"],"build_version":"2022-12-18","purchased_purges":4,"victory":false,"max_hp_per_floor":[66,66,66,66,66,66,66,66,66,66,66,66,66,66,66,66,66,66,66,66,66,66,66,66,66,66,66,66,66,66,66,66,66,66,66,63,63,63,63,63,63,63,63,63,63,63,63,63,63,63,63,63,63,63,63,63],"relic_stats":{"Gremlin Horn":[10,10],"counters":[27,187],"Blue Candle":[0],"HoveringKite":[59],"StoneCalendar":[0],"MawBank":132,"White Beast Statue":[0.0,0.0,0.0,0.4,0.0,0.6000000000000001,0.0,0.0,0.0,0.0,0.0,3.8854720000000005],"Sundial":[50],"Art of War":[12],"obtain_stats":[{"Gremlin Horn":43,"Blue Candle":31,"HoveringKite":34,"Thread and Needle":9,"StoneCalendar":55,"MawBank":2,"White Beast Statue":26,"Akabeko":27,"Sundial":40,"Fusion Hammer":17,"Art of War":7,"Ring of the Snake":0,"Pocketwatch":31,"Meat on the Bone":44},{"Gremlin Horn":21,"Blue Candle":16,"HoveringKite":17,"Thread and Needle":6,"StoneCalendar":26,"MawBank":1,"White Beast Statue":13,"Akabeko":14,"Sundial":20,"Fusion Hammer":9,"Art of War":5,"Ring of the Snake":0,"Pocketwatch":16,"Meat on the Bone":22},{"Gremlin Horn":137,"Blue Candle":100,"HoveringKite":112,"Thread and Needle":30,"StoneCalendar":181,"MawBank":4,"White Beast Statue":82,"Akabeko":89,"Sundial":130,"Fusion Hammer":56,"Art of War":27,"Ring of the Snake":0,"Pocketwatch":100,"Meat on the Bone":144}],"Ring of the Snake":[54],"Pocketwatch":[39],"Meat on the Bone":48},"card_choices":[{"not_picked":["Outmaneuver","Sucker Punch","Finisher"],"picked":"SKIP","floor":1.0},{"not_picked":["Choke","Cloak And Dagger"],"picked":"Flying Knee","floor":3.0},{"not_picked":["Prepared","Choke","Expertise"],"picked":"SKIP","floor":4.0},{"not_picked":["Flying Knee","Bane"],"picked":"Slice","floor":5.0},{"not_picked":["Backstab","Flechettes"],"picked":"Glass Knife","floor":7.0},{"not_picked":["Dagger Spray","Cloak And Dagger","Finisher"],"picked":"SKIP","floor":8.0},{"not_picked":["Reflex","Flying Knee"],"picked":"Poisoned Stab","floor":10.0},{"not_picked":["Underhanded Strike","Grand Finale"],"picked":"Backflip","floor":14.0},{"not_picked":["Bane","Setup"],"picked":"Prepared+1","floor":18.0},{"not_picked":["Dagger Throw","Cloak And Dagger"],"picked":"Acrobatics","floor":19.0},{"not_picked":["Dash","Acrobatics"],"picked":"Bouncing Flask","floor":21.0},{"not_picked":["Bouncing Flask","Bane","Quick Slash"],"picked":"SKIP","floor":24.0},{"not_picked":["Dagger Spray","Underhanded Strike","Expertise"],"picked":"SKIP","floor":27.0},{"not_picked":["Phantasmal Killer","Bullet Time"],"picked":"Venomology","floor":33.0},{"not_picked":["Backflip+1","Reflex"],"picked":"Concentrate","floor":35.0},{"not_picked":["Underhanded Strike","Concentrate","Slice"],"picked":"SKIP","floor":38.0},{"not_picked":["Choke+1","Flying Knee","Dagger Throw"],"picked":"SKIP","floor":40.0},{"not_picked":["Dagger Throw","Expertise","Poisoned Stab"],"picked":"SKIP","floor":41.0},{"not_picked":["Heel Hook+1","Deadly Poison+1"],"picked":"Acrobatics","floor":44.0},{"not_picked":["Endless Agony","Flechettes","Blur"],"picked":"SKIP","floor":46.0},{"not_picked":["Poisoned Stab","Blade Dance+1","Phantasmal Killer"],"picked":"SKIP","floor":55.0}],"player_experience":585313,"relics_obtained":[{"floor":2.0,"key":"MawBank"},{"floor":7.0,"key":"Art of War"},{"floor":9.0,"key":"Thread and Needle"},{"floor":26.0,"key":"White Beast Statue"},{"floor":27.0,"key":"Akabeko"},{"floor":31.0,"key":"Pocketwatch"},{"floor":31.0,"key":"Blue Candle"},{"floor":40.0,"key":"Sundial"},{"floor":43.0,"key":"Gremlin Horn"},{"floor":44.0,"key":"Meat on the Bone"},{"floor":55.0,"key":"StoneCalendar"}],"event_choices":[{"damage_healed":22.0,"max_hp_gain":0.0,"max_hp_loss":0.0,"gold_gain":0.0,"event_name":"Big Fish","player_choice":"Banana","floor":11.0,"gold_loss":0.0,"damage_taken":0.0},{"damage_healed":0.0,"max_hp_gain":0.0,"max_hp_loss":0.0,"gold_gain":50.0,"event_name":"Nest","player_choice":"Stole From Cult","floor":20.0,"gold_loss":0.0,"damage_taken":0.0},{"damage_healed":0.0,"max_hp_gain":0.0,"max_hp_loss":0.0,"gold_gain":0.0,"event_name":"The Library","player_choice":"Read","floor":29.0,"gold_loss":0.0,"damage_taken":0.0,"cards_obtained":["Reflex"]},{"damage_healed":0.0,"max_hp_gain":0.0,"max_hp_loss":0.0,"gold_gain":0.0,"event_name":"Colosseum","player_choice":"Fight","floor":31.0,"gold_loss":0.0,"damage_taken":0.0},{"damage_healed":0.0,"max_hp_gain":0.0,"max_hp_loss":0.0,"gold_gain":0.0,"event_name":"Colosseum","player_choice":"Fought Nobs","floor":31.0,"gold_loss":0.0,"damage_taken":0.0},{"damage_healed":0.0,"max_hp_gain":0.0,"max_hp_loss":3.0,"gold_gain":0.0,"event_name":"Winding Halls","player_choice":"Max HP","floor":36.0,"gold_loss":0.0,"damage_taken":0.0},{"cards_removed":["Strike_G"],"damage_healed":0.0,"max_hp_gain":0.0,"max_hp_loss":0.0,"gold_gain":0.0,"event_name":"Purifier","player_choice":"Purged","floor":39.0,"gold_loss":0.0,"damage_taken":0.0}],"is_beta":false,"boss_relics":[{"not_picked":["Sozu","Ring of the Serpent"],"picked":"Fusion Hammer"},{"not_picked":["Calling Bell","WristBlade"],"picked":"HoveringKite"}],"items_purged_floors":[13,30,37,48],"is_endless":false,"potions_floor_spawned":[3,5,10,16,19,21,24,27,31,31,33,35,38,40,41,44,46,55],"killed_by":"The Heart","ascension_level":20}