{"gold_per_floor":[19,19,37,56,56,88,13,30,54,66,66,86,120,150,150,150],"floor_reached":16,"playtime":436,"items_purged":["Defend_G"],"score":224,"play_id":"6093e316-f8e9-4081-b65f-23fd9898138f","local_time":"20240212155050","is_ascension_mode":true,"campfire_choices":[{"data":"Flying Knee","floor":11.0,"key":"SMITH"},{"floor":15.0,"key":"REST"}],"neow_cost":"NO_GOLD","seed_source_timestamp":10202615204100,"circlet_count":0,"master_deck":["AscendersBane","Strike_G","Strike_G","Strike_G","Defend_G+1","Defend_G","Defend_G+1","Survivor","Neutralize","Flying Knee+1","Acrobatics","Slice","Poisoned Stab","Venomology"],"special_seed":0,"relics":["Ring of the Snake","Bag of Preparation","War Paint","Anchor"],"potions_floor_usage":[16],"damage_taken":[{"damage":10.0,"enemies":"Small Slimes","floor":1.0,"turns":7.0},{"damage":0.0,"enemies":"Cultist","floor":3.0,"turns":4.0},{"damage":6.0,"enemies":"Jaw Worm","floor":4.0,"turns":6.0},{"damage":21.0,"enemies":"3 Sentries","floor":6.0,"turns":16.0},{"damage":0.0,"enemies":"Exordium Thugs","floor":8.0,"turns":4.0},{"damage":0.0,"enemies":"Looter","floor":10.0,"turns":2.0},{"damage":1.0,"enemies":"Exordium Wildlife","floor":12.0,"turns":5.0},{"damage":6.0,"enemies":"Gremlin Nob","floor":13.0,"turns":3.0},{"damage":28,"enemies":"Slime Boss","floor":16,"turns":7}],"seed_played":"832407709854099342","potions_obtained":[{"floor":2.0,"key":"Strength Potion"},{"floor":2.0,"key":"Swift Potion"},{"floor":4.0,"key":"SteroidPotion"},{"floor":6.0,"key":"DistilledChaos"},{"floor":12.0,"key":"BlessingOfTheForge"}],"is_trial":false,"path_per_floor":["M","?","M","M","?","E","$","M","T","M","R","M","E","?","R","B"],"character_chosen":"THE_SILENT","basemod:card_modifiers":[null,null,null,null,null,null,null,null,null,null,null,null,null,null],"items_purchased":[],"campfire_rested":1,"item_purchase_floors":[],"current_hp_per_floor":[49,49,49,43,43,22,22,22,22,22,22,21,15,15,34,6],"gold":150,"neow_bonus":"REMOVE_TWO","is_prod":false,"is_daily":false,"chose_seed":false,"campfire_upgraded":1,"win_rate":0,"timestamp":1707720650,"path_taken":["M","?","?","M","?","E","?","M","T","M","R","M","E","?","R","BOSS"],"build_version":"2022-12-18","purchased_purges":1,"victory":false,"max_hp_per_floor":[66,66,66,66,66,66,66,66,66,66,66,66,66,66,66,66],"relic_stats":{"counters":[9,54],"Bag of Preparation":[10],"War Paint":["Defend_G","Defend_G"],"obtain_stats":[{"Anchor":13,"Bag of Preparation":6,"War Paint":9,"Ring of the Snake":0},{"Anchor":8,"Bag of Preparation":4,"War Paint":5,"Ring of the Snake":0},{"Anchor":47,"Bag of Preparation":33,"War Paint":37,"Ring of the Snake":0}],"Ring of the Snake":[18]},"card_choices":[{"not_picked":["Blur","Infinite Blades"],"picked":"Flying Knee","floor":1.0},{"not_picked":["Caltrops","Flechettes"],"picked":"Acrobatics","floor":3.0},{"not_picked":["Outmaneuver","Cloak And Dagger"],"picked":"Slice","floor":4.0},{"not_picked":["Backflip","Crippling Poison"],"picked":"Poisoned Stab","floor":6.0},{"not_picked":["Dagger Throw","Backflip"],"picked":"Venomology","floor":8.0},{"not_picked":["Backflip","Deadly Poison","Flechettes"],"picked":"SKIP","floor":10.0},{"not_picked":["Cloak And Dagger","Skewer","Burst"],"picked":"SKIP","floor":12.0},{"not_picked":["PiercingWail","Deadly Poison","Poisoned Stab"],"picked":"SKIP","floor":13.0}],"player_experience":602797,"relics_obtained":[{"floor":6.0,"key":"Bag of Preparation"},{"floor":9.0,"key":"War Paint"},{"floor":13.0,"key":"Anchor"}],"event_choices":[{"damage_healed":0.0,"max_hp_gain":0.0,"max_hp_loss":0.0,"gold_gain":0.0,"event_name":"Lab","player_choice":"Got Potions","floor":2.0,"gold_loss":0.0,"damage_taken":0.0},{"cards_removed":["Strike_G"],"damage_healed":0.0,"max_hp_gain":0.0,"max_hp_loss":0.0,"gold_gain":0.0,"event_name":"Bonfire Elementals","player_choice":"Offered Basic","floor":5.0,"gold_loss":0.0,"damage_taken":0.0},{"damage_healed":0.0,"max_hp_gain":0.0,"max_hp_loss":0.0,"gold_gain":30.0,"event_name":"Dead Adventurer","player_choice":"Searched \u00272\u0027 times","floor":14.0,"gold_loss":0.0,"damage_taken":0.0}],"is_beta":false,"boss_relics":[],"items_purged_floors":[7],"is_endless":false,"potions_floor_spawned":[4,6,12],"killed_by":"Slime Boss","ascension_level":20}