{"gold_per_floor":[116,136,136,8,24,24,57,69,69,69,82,98,118,135,135,135],"floor_reached":16,"playtime":335,"items_purged":["Strike_G"],"score":212,"play_id":"aa3f2c02-0837-4e99-bd33-435eeea27f9d","local_time":"20240212032650","is_ascension_mode":true,"campfire_choices":[{"data":"Noxious Fumes","floor":6,"key":"SMITH"},{"data":"Tactician","floor":15,"key":"SMITH"}],"neow_cost":"NONE","seed_source_timestamp":43044951238700,"circlet_count":0,"master_deck":["AscendersBane","Strike_G","Strike_G","Strike_G","Strike_G","Defend_G","Defend_G","Defend_G","Defend_G","Defend_G","Survivor","Neutralize","Deadly Poison","Noxious Fumes+1","Blade Dance","Acrobatics","Corpse Explosion","Accuracy","Tactician+1"],"relics":["Ring of the Snake","NeowsBlessing","Juzu Bracelet","Singing Bowl"],"potions_floor_usage":[7,8,14,16],"damage_taken":[{"damage":0,"enemies":"2 Louse","floor":1,"turns":1},{"damage":0,"enemies":"Cultist","floor":2,"turns":1},{"damage":0,"enemies":"Jaw Worm","floor":5,"turns":1},{"damage":10,"enemies":"3 Sentries","floor":7,"turns":7},{"damage":17,"enemies":"Gremlin Gang","floor":8,"turns":5},{"damage":0,"enemies":"Exordium Wildlife","floor":11,"turns":2},{"damage":0,"enemies":"2 Fungi Beasts","floor":12,"turns":4},{"damage":20,"enemies":"Exordium Thugs","floor":13,"turns":4},{"damage":0,"enemies":"Lots of Slimes","floor":14,"turns":1},{"damage":23,"enemies":"Hexaghost","floor":16,"turns":9}],"seed_played":"1626133351143685641","potions_obtained":[{"floor":1,"key":"DuplicationPotion"},{"floor":3,"key":"EssenceOfSteel"},{"floor":3,"key":"DistilledChaos"},{"floor":13,"key":"BlessingOfTheForge"},{"floor":14,"key":"Dexterity Potion"}],"is_trial":false,"path_per_floor":["M","M","?","$","M","R","E","M","T","$","M","M","M","M","R","B"],"character_chosen":"THE_SILENT","basemod:card_modifiers":[null,null,null,null,null,null,null,null,null,null,null,null,null,null,null,null,null,null,null],"items_purchased":["Blade Dance"],"campfire_rested":0,"item_purchase_floors":[4],"current_hp_per_floor":[59,59,59,59,59,59,49,32,32,32,34,36,18,18,18,0],"gold":135,"neow_bonus":"THREE_ENEMY_KILL","is_prod":false,"is_daily":false,"chose_seed":false,"campfire_upgraded":2,"win_rate":0,"timestamp":1707676010,"path_taken":["M","M","?","$","?","R","E","M","T","$","M","M","M","M","R","BOSS"],"build_version":"2022-12-18","purchased_purges":1,"victory":false,"max_hp_per_floor":[66,66,66,66,66,66,66,66,66,66,68,70,72,72,72,72],"relic_stats":{"Singing Bowl":6,"counters":[10,35],"Juzu Bracelet":0,"obtain_stats":[{"NeowsBlessing":0,"Singing Bowl":9,"Juzu Bracelet":7,"Ring of the Snake":0},{"NeowsBlessing":0,"Singing Bowl":5,"Juzu Bracelet":4,"Ring of the Snake":0},{"NeowsBlessing":0,"Singing Bowl":15,"Juzu Bracelet":10,"Ring of the Snake":0}],"Ring of the Snake":[20]},"card_choices":[{"not_picked":["Dodge and Roll","Caltrops"],"picked":"Deadly Poison","floor":1},{"not_picked":["Prepared","Terror"],"picked":"Noxious Fumes","floor":2},{"not_picked":["Deadly Poison","Slice"],"picked":"Acrobatics","floor":5},{"not_picked":["Deflect","Riddle With Holes"],"picked":"Corpse Explosion","floor":7},{"not_picked":["Poisoned Stab","Dagger Throw"],"picked":"Accuracy","floor":8},{"not_picked":["Infinite Blades","Prepared","Sucker Punch"],"picked":"Singing Bowl","floor":11},{"not_picked":["Sucker Punch","Acrobatics","Heel Hook"],"picked":"Singing Bowl","floor":12},{"not_picked":["Bouncing Flask","Bane","Sucker Punch"],"picked":"Singing Bowl","floor":13},{"not_picked":["Expertise","Cloak And Dagger"],"picked":"Tactician","floor":14}],"player_experience":595452,"relics_obtained":[{"floor":7,"key":"Juzu Bracelet"},{"floor":9,"key":"Singing Bowl"}],"event_choices":[{"damage_healed":0,"gold_gain":0,"player_choice":"Got Potions","damage_taken":0,"max_hp_gain":0,"max_hp_loss":0,"event_name":"Lab","floor":3,"gold_loss":0}],"is_beta":false,"boss_relics":[],"items_purged_floors":[4],"is_endless":false,"potions_floor_spawned":[1,5,13,14],"killed_by":"Hexaghost","ascension_level":20}