{"gold_per_floor":[112,112,187,35,51,81,81,113,113,113,127,145,161,176,176,248,248,258,258,26,39,52,79,79,95,95,0,0,0,31,49,49,126,126,139,151,200,200,218,236,264,19,19,50,70,70,70,83,83,83,83,83,83,1,30,30],"floor_reached":57,"playtime":2568,"items_purged":["Strike_G","Poisoned Stab","Cloak And Dagger"],"score":3078,"play_id":"e177add5-340b-4124-bccb-c883ba9dd34f","local_time":"20240212015508","is_ascension_mode":true,"campfire_choices":[{"data":"Noxious Fumes","floor":7.0,"key":"SMITH"},{"floor":10.0,"key":"REST"},{"data":"Leg Sweep","floor":15.0,"key":"SMITH"},{"data":"Reflex","floor":24.0,"key":"SMITH"},{"data":"Ghostly","floor":29.0,"key":"SMITH"},{"data":"Prepared","floor":32.0,"key":"SMITH"},{"floor":49.0,"key":"RECALL"},{"data":"Ghostly","floor":53.0,"key":"SMITH"}],"neow_cost":"NONE","seed_source_timestamp":35182431376499,"circlet_count":0,"master_deck":["AscendersBane","Survivor","Neutralize","Noxious Fumes+1","Bouncing Flask","Leg Sweep+1","Venomology","Blade Dance","Accuracy+1","Eviscerate","Adrenaline","Die Die Die","Calculated Gamble","Blur","Wraith Form v2+1","Reflex+1","Well Laid Plans+1","Tactician","Tools of the Trade+1","Ghostly+1","Ghostly+1","Ghostly","Prepared+1","Reflex","Adrenaline","Catalyst","Backflip","Well Laid Plans+1","Dark Shackles","Backflip","Calculated Gamble+1"],"special_seed":0,"relics":["Ring of the Snake","NeowsBlessing","Turnip","Bag of Marbles","Frozen Egg 2","Matryoshka","Pandora\u0027s Box","Membership Card","Shovel","Dream Catcher","Gremlin Horn","HoveringKite","Tingsha","Boot","Mummified Hand","Shuriken","FossilizedHelix","Nunchaku","ClockworkSouvenir","Ornamental Fan"],"potions_floor_usage":[55,56,56,56],"damage_taken":[{"damage":0.0,"enemies":"2 Louse","floor":1.0,"turns":2.0},{"damage":0.0,"enemies":"Jaw Worm","floor":5.0,"turns":1.0},{"damage":0.0,"enemies":"3 Sentries","floor":6.0,"turns":1.0},{"damage":19.0,"enemies":"Lagavulin","floor":8.0,"turns":6.0},{"damage":0.0,"enemies":"Cultist","floor":11.0,"turns":3.0},{"damage":12.0,"enemies":"Red Slaver","floor":12.0,"turns":6.0},{"damage":6.0,"enemies":"Exordium Wildlife","floor":13.0,"turns":6.0},{"damage":1.0,"enemies":"3 Louse","floor":14.0,"turns":4.0},{"damage":21.0,"enemies":"The Guardian","floor":16.0,"turns":10.0},{"damage":6.0,"enemies":"Shell Parasite","floor":18.0,"turns":5.0},{"damage":8.0,"enemies":"Spheric Guardian","floor":21.0,"turns":5.0},{"damage":12.0,"enemies":"Snake Plant","floor":22.0,"turns":3.0},{"damage":4.0,"enemies":"Book of Stabbing","floor":23.0,"turns":5.0},{"damage":12.0,"enemies":"3 Cultists","floor":25.0,"turns":5.0},{"damage":8.0,"enemies":"Slavers","floor":30.0,"turns":6.0},{"damage":2.0,"enemies":"Shelled Parasite and Fungi","floor":31.0,"turns":7.0},{"damage":0.0,"enemies":"Champ","floor":33.0,"turns":9.0},{"damage":0.0,"enemies":"3 Shapes","floor":35.0,"turns":4.0},{"damage":1.0,"enemies":"Orb Walker","floor":36.0,"turns":4.0},{"damage":3.0,"enemies":"2 Orb Walkers","floor":37.0,"turns":6.0},{"damage":0.0,"enemies":"3 Darklings","floor":39.0,"turns":5.0},{"damage":2.0,"enemies":"4 Shapes","floor":40.0,"turns":4.0},{"damage":1.0,"enemies":"Giant Head","floor":41.0,"turns":7.0},{"damage":0.0,"enemies":"Reptomancer","floor":44.0,"turns":4.0},{"damage":0.0,"enemies":"Maw","floor":45.0,"turns":5.0},{"damage":0.0,"enemies":"Sphere and 2 Shapes","floor":48.0,"turns":4.0},{"damage":3.0,"enemies":"Donu and Deca","floor":50.0,"turns":7.0},{"damage":0.0,"enemies":"Awakened One","floor":51.0,"turns":8.0},{"damage":0,"enemies":"Shield and Spear","floor":55,"turns":6},{"damage":3,"enemies":"The Heart","floor":56,"turns":10}],"seed_played":"5883491600705380192","potions_obtained":[{"floor":11.0,"key":"SpeedPotion"},{"floor":12.0,"key":"Regen Potion"},{"floor":18.0,"key":"FearPotion"},{"floor":21.0,"key":"CunningPotion"},{"floor":33.0,"key":"Poison Potion"},{"floor":41.0,"key":"FairyPotion"},{"floor":48.0,"key":"CultistPotion"},{"floor":55,"key":"PowerPotion"}],"is_trial":false,"path_per_floor":["M","?","?","$","M","E","R","E","T","R","M","M","M","M","R","B",null,"M","?","$","M","M","E","R","M","T","?","?","R","E","M","R","B",null,"M","M","?","?","M","M","E","$","T","E","M","?","?","M","R","B","B",null,"R","$","E","B",null],"character_chosen":"THE_SILENT","basemod:card_modifiers":[null,null,null,null,null,null,null,null,null,null,null,null,null,null,null,null,null,null,null,null,null,null,null,null,null,null,null,null,null,null,null],"items_purchased":["Noxious Fumes","Membership Card","Well Laid Plans+1","Well Laid Plans+1","Mummified Hand","ClockworkSouvenir"],"campfire_rested":1,"item_purchase_floors":[4,20,20,42,42,54],"current_hp_per_floor":[59,48,37,37,37,37,37,18,18,37,37,25,19,18,18,12,53,47,47,47,39,27,23,23,11,11,11,11,11,18,16,16,16,29,29,28,25,23,23,21,20,20,20,20,20,10,10,10,10,7,7,25,25,25,25,22],"gold":30,"neow_bonus":"THREE_ENEMY_KILL","is_prod":false,"is_daily":false,"chose_seed":false,"campfire_upgraded":6,"win_rate":0,"timestamp":1707670508,"path_taken":["M","?","?","$","M","E","R","E","T","R","M","M","M","M","R","BOSS","M","?","?","M","?","E","R","M","T","?","?","R","E","M","R","BOSS","M","M","?","?","?","M","E","$","T","E","M","?","?","M","R","BOSS","BOSS","R","$","E","BOSS"],"build_version":"2022-12-18","purchased_purges":3,"victory":true,"max_hp_per_floor":[66,66,66,66,66,66,66,66,66,66,66,66,66,66,66,66,66,66,66,66,66,66,66,66,66,66,66,33,33,33,33,33,33,33,33,33,33,33,33,33,33,33,33,33,33,33,31,31,31,31,31,31,31,31,31,31],"relic_stats":{"Gremlin Horn":[19,19],"counters":[30,158],"HoveringKite":[68],"Tingsha":[581],"Boot":[23],"Dream Catcher":0,"Nunchaku":[10],"Matryoshka":2,"Shovel":0,"Mummified Hand":[51],"Shuriken":[23],"Ornamental Fan":[16],"Pandora\u0027s Box":["Blade Dance","Accuracy","Eviscerate","Adrenaline","Die Die Die","Calculated Gamble","Blur","Wraith Form v2","Predator"],"Turnip":[30],"Membership Card":396,"obtain_stats":[{"NeowsBlessing":0,"Gremlin Horn":30,"HoveringKite":34,"Tingsha":37,"Frozen Egg 2":8,"Boot":41,"ClockworkSouvenir":54,"Dream Catcher":26,"Nunchaku":44,"Matryoshka":9,"Shovel":23,"Mummified Hand":42,"Shuriken":43,"Ornamental Fan":55,"Pandora\u0027s Box":17,"Turnip":2,"Bag of Marbles":6,"Membership Card":20,"FossilizedHelix":43,"Ring of the Snake":0},{"NeowsBlessing":0,"Gremlin Horn":15,"HoveringKite":17,"Tingsha":20,"Frozen Egg 2":4,"Boot":23,"ClockworkSouvenir":28,"Dream Catcher":14,"Nunchaku":24,"Matryoshka":4,"Shovel":13,"Mummified Hand":23,"Shuriken":23,"Ornamental Fan":29,"Pandora\u0027s Box":9,"Turnip":1,"Bag of Marbles":3,"Membership Card":10,"FossilizedHelix":23,"Ring of the Snake":0},{"NeowsBlessing":0,"Gremlin Horn":68,"HoveringKite":84,"Tingsha":98,"Frozen Egg 2":10,"Boot":114,"ClockworkSouvenir":142,"Dream Catcher":62,"Nunchaku":118,"Matryoshka":10,"Shovel":57,"Mummified Hand":114,"Shuriken":114,"Ornamental Fan":148,"Pandora\u0027s Box":39,"Turnip":2,"Bag of Marbles":4,"Membership Card":44,"FossilizedHelix":114,"Ring of the Snake":0}],"FossilizedHelix":[63],"Ring of the Snake":[60]},"card_choices":[{"not_picked":["Quick Slash","Reflex"],"picked":"Cloak And Dagger","floor":1.0},{"not_picked":["Riddle With Holes","PiercingWail"],"picked":"Poisoned Stab","floor":5.0},{"not_picked":["Acrobatics","Poisoned Stab"],"picked":"Bouncing Flask","floor":6.0},{"not_picked":["Slice","Noxious Fumes+1","Flying Knee"],"picked":"SKIP","floor":8.0},{"not_picked":["Eviscerate","Cloak And Dagger","Backflip"],"picked":"SKIP","floor":11.0},{"not_picked":["Concentrate","Underhanded Strike","Masterful Stab"],"picked":"SKIP","floor":12.0},{"not_picked":["Choke","Caltrops+1"],"picked":"Leg Sweep","floor":13.0},{"not_picked":["Deflect","Bullet Time","Prepared"],"picked":"SKIP","floor":14.0},{"not_picked":["Malaise","Bullet Time"],"picked":"Venomology","floor":16.0},{"not_picked":["Caltrops+1","Sucker Punch"],"picked":"Reflex","floor":18.0},{"not_picked":["Setup","Underhanded Strike+1"],"picked":"Tactician","floor":21.0},{"not_picked":["Reflex","All Out Attack+1","Blur"],"picked":"SKIP","floor":22.0},{"not_picked":["PiercingWail","Dagger Throw"],"picked":"Tools of the Trade+1","floor":23.0},{"not_picked":["Slice","Underhanded Strike","Heel Hook"],"picked":"SKIP","floor":25.0},{"not_picked":["Bullet Time","Dash"],"picked":"Prepared","floor":30.0},{"not_picked":["Expertise","Terror"],"picked":"Reflex","floor":31.0},{"not_picked":["Venomology","Envenom+1"],"picked":"Adrenaline","floor":33.0},{"not_picked":["Riddle With Holes","Tactician","Quick Slash"],"picked":"SKIP","floor":35.0},{"not_picked":["Noxious Fumes+1","Bouncing Flask","Dash+1"],"picked":"SKIP","floor":36.0},{"not_picked":["Distraction","Dagger Spray"],"picked":"Catalyst","floor":37.0},{"not_picked":["Finisher","Heel Hook"],"picked":"Backflip","floor":39.0},{"not_picked":["Blade Dance+1","Deadly Poison","Finisher"],"picked":"SKIP","floor":40.0},{"not_picked":["Slice+1","Prepared","Doppelganger"],"picked":"SKIP","floor":41.0},{"not_picked":["Doppelganger","Leg Sweep","Riddle With Holes"],"picked":"SKIP","floor":44.0},{"not_picked":["Distraction+1","Cloak And Dagger","Backstab"],"picked":"SKIP","floor":45.0},{"not_picked":["Finesse","Thinking Ahead"],"picked":"Dark Shackles","floor":46.0},{"not_picked":["Outmaneuver","Deadly Poison"],"picked":"Backflip","floor":48.0},{"not_picked":["Dagger Spray","Sucker Punch"],"picked":"Calculated Gamble+1","floor":55}],"player_experience":588405,"relics_obtained":[{"floor":6.0,"key":"Bag of Marbles"},{"floor":8.0,"key":"Frozen Egg 2"},{"floor":9.0,"key":"Matryoshka"},{"floor":23.0,"key":"Shovel"},{"floor":26.0,"key":"Dream Catcher"},{"floor":30.0,"key":"Gremlin Horn"},{"floor":37.0,"key":"Tingsha"},{"floor":41.0,"key":"Boot"},{"floor":43.0,"key":"Shuriken"},{"floor":43.0,"key":"FossilizedHelix"},{"floor":44.0,"key":"Nunchaku"},{"floor":55,"key":"Ornamental Fan"}],"event_choices":[{"damage_healed":0.0,"max_hp_gain":0.0,"max_hp_loss":0.0,"gold_gain":0.0,"event_name":"Scrap Ooze","player_choice":"Success","floor":2.0,"gold_loss":0.0,"damage_taken":11.0,"relics_obtained":["Turnip"]},{"damage_healed":0.0,"max_hp_gain":0.0,"max_hp_loss":0.0,"gold_gain":75.0,"event_name":"World of Goop","player_choice":"Gather Gold","floor":3.0,"gold_loss":0.0,"damage_taken":11.0},{"cards_removed":["Predator"],"damage_healed":0.0,"max_hp_gain":0.0,"max_hp_loss":0.0,"gold_gain":0.0,"event_name":"Purifier","player_choice":"Purged","floor":19.0,"gold_loss":0.0,"damage_taken":0.0},{"damage_healed":0.0,"max_hp_gain":0.0,"max_hp_loss":0.0,"gold_gain":0.0,"event_name":"Masked Bandits","player_choice":"Paid Fearfully","floor":27.0,"gold_loss":95.0,"damage_taken":0.0},{"damage_healed":0.0,"max_hp_gain":0.0,"max_hp_loss":33.0,"gold_gain":0.0,"event_name":"Ghosts","player_choice":"Became a Ghost","floor":28.0,"gold_loss":0.0,"damage_taken":0.0,"cards_obtained":["Ghostly","Ghostly","Ghostly"]},{"damage_healed":0.0,"max_hp_gain":0.0,"max_hp_loss":0.0,"gold_gain":0.0,"event_name":"Mysterious Sphere","player_choice":"Fight","floor":37.0,"gold_loss":0.0,"damage_taken":0.0},{"damage_healed":0.0,"max_hp_gain":0.0,"max_hp_loss":0.0,"gold_gain":0.0,"event_name":"The Woman in Blue","player_choice":"Bought 0 Potions","floor":38.0,"gold_loss":0.0,"damage_taken":0.0},{"damage_healed":0.0,"max_hp_gain":0.0,"max_hp_loss":0.0,"gold_gain":0.0,"event_name":"SensoryStone","player_choice":"Memory 3","floor":46.0,"gold_loss":0.0,"damage_taken":10.0},{"damage_healed":0.0,"max_hp_gain":0.0,"max_hp_loss":2.0,"gold_gain":0.0,"event_name":"Winding Halls","player_choice":"Max HP","floor":47.0,"gold_loss":0.0,"damage_taken":0.0}],"is_beta":false,"boss_relics":[{"not_picked":["Astrolabe","Busted Crown"],"picked":"Pandora\u0027s Box"},{"not_picked":["Philosopher\u0027s Stone","Ring of the Serpent"],"picked":"HoveringKite"}],"items_purged_floors":[4,20,42],"is_endless":false,"potions_floor_spawned":[11,12,13,14,18,21,33,35,41,44,45,48,55],"ascension_level":20}