{"gold_per_floor":[119,44,44,60,60,60,89,104,104,120,140,153,179,179],"floor_reached":14,"playtime":202,"items_purged":[],"score":254,"play_id":"15bba001-3cff-486d-8c21-83d784a4dba9","local_time":"20240212161759","is_ascension_mode":true,"campfire_choices":[{"data":"Poisoned Stab","floor":6.0,"key":"SMITH"}],"neow_cost":"NONE","seed_source_timestamp":12064216929200,"circlet_count":0,"master_deck":["AscendersBane","Strike_G","Strike_G","Strike_G","Strike_G","Strike_G","Defend_G","Defend_G","Defend_G","Defend_G","Survivor","Neutralize","Poisoned Stab+1","Deadly Poison","PiercingWail","Caltrops+1","Well Laid Plans+1"],"special_seed":0,"relics":["Ring of the Snake","NeowsBlessing","Ginger","Frozen Egg 2","Lizard Tail"],"potions_floor_usage":[13,13],"damage_taken":[{"damage":0.0,"enemies":"Small Slimes","floor":1.0,"turns":1.0},{"damage":0.0,"enemies":"Jaw Worm","floor":4.0,"turns":1.0},{"damage":0.0,"enemies":"3 Sentries","floor":7.0,"turns":1.0},{"damage":4.0,"enemies":"Cultist","floor":8.0,"turns":3.0},{"damage":7.0,"enemies":"Large Slime","floor":10.0,"turns":6.0},{"damage":3.0,"enemies":"Blue Slaver","floor":11.0,"turns":4.0},{"damage":17.0,"enemies":"Lots of Slimes","floor":12.0,"turns":4.0},{"damage":6,"enemies":"Gremlin Nob","floor":13,"turns":3},{"damage":11,"enemies":"Exordium Thugs","floor":14,"turns":4}],"seed_played":"6275337369067961453","potions_obtained":[{"floor":7.0,"key":"DuplicationPotion"},{"floor":10.0,"key":"Fire Potion"},{"floor":12.0,"key":"Strength Potion"},{"floor":13,"key":"SpeedPotion"}],"is_trial":false,"path_per_floor":["M","?","?","M","$","R","E","M","T","M","M","M","E","M"],"character_chosen":"THE_SILENT","basemod:card_modifiers":[null,null,null,null,null,null,null,null,null,null,null,null,null,null,null,null,null],"items_purchased":[],"campfire_rested":0,"item_purchase_floors":[],"current_hp_per_floor":[59,59,50,50,50,50,50,46,46,39,36,19,13,2],"gold":179,"neow_bonus":"THREE_ENEMY_KILL","is_prod":false,"is_daily":false,"chose_seed":false,"campfire_upgraded":1,"win_rate":0,"timestamp":1707722279,"path_taken":["M","?","?","M","$","R","E","M","T","M","M","M","E","M"],"build_version":"2022-12-18","purchased_purges":0,"victory":false,"max_hp_per_floor":[66,66,66,66,66,66,66,66,66,66,66,66,66,66],"relic_stats":{"Lizard Tail":0,"counters":[9,27],"Ginger":[6],"obtain_stats":[{"Lizard Tail":13,"NeowsBlessing":0,"Ginger":7,"Frozen Egg 2":9,"Ring of the Snake":0},{"Lizard Tail":8,"NeowsBlessing":0,"Ginger":3,"Frozen Egg 2":4,"Ring of the Snake":0},{"Lizard Tail":23,"NeowsBlessing":0,"Ginger":3,"Frozen Egg 2":6,"Ring of the Snake":0}],"Ring of the Snake":[18]},"card_choices":[{"not_picked":["Backflip","Dodge and Roll"],"picked":"Poisoned Stab","floor":1.0},{"not_picked":["Backflip","Sucker Punch","Quick Slash"],"picked":"SKIP","floor":4.0},{"not_picked":["Infinite Blades","Flechettes","Cloak And Dagger"],"picked":"SKIP","floor":7.0},{"not_picked":["Backflip","Outmaneuver"],"picked":"Deadly Poison","floor":8.0},{"not_picked":["Outmaneuver","Prepared"],"picked":"PiercingWail","floor":10.0},{"not_picked":["Flying Knee","All Out Attack"],"picked":"Caltrops+1","floor":11.0},{"not_picked":["Prepared","Blur","A Thousand Cuts+1"],"picked":"SKIP","floor":12.0},{"not_picked":["Leg Sweep","Venomology"],"picked":"Well Laid Plans+1","floor":13}],"player_experience":604547,"relics_obtained":[{"floor":7.0,"key":"Ginger"},{"floor":9.0,"key":"Frozen Egg 2"},{"floor":13,"key":"Lizard Tail"}],"event_choices":[{"cards_removed":["Defend_G"],"damage_healed":0.0,"max_hp_gain":0.0,"max_hp_loss":0.0,"gold_gain":0.0,"event_name":"The Cleric","player_choice":"Card Removal","floor":2.0,"gold_loss":75.0,"damage_taken":0.0},{"damage_healed":0.0,"max_hp_gain":0.0,"max_hp_loss":0.0,"gold_gain":0.0,"event_name":"Wheel of Change","player_choice":"Damaged","floor":3.0,"gold_loss":0.0,"damage_taken":9.0}],"is_beta":false,"boss_relics":[],"items_purged_floors":[],"is_endless":false,"potions_floor_spawned":[7,10,12,13],"killed_by":"Exordium Thugs","ascension_level":20}