{"gold_per_floor":[111,111,125,141,91,91,124,148,195,216,260,9,9,25,25,151,151,166,179,215,233,0,38,38,137,137,137,137,178,197,297,297,425,452,475,502,502,314,122,163,177,212,212,212,265,265,308,333,333,333,333,333,12,47,47],"floor_reached":56,"playtime":1714,"items_purged":["Strike_B","Strike_B","Rebound","Zap","Dualcast"],"score":2013,"play_id":"6d3aef5e-06ae-43b0-ad87-f2507f00be2e","local_time":"20240211215005","is_ascension_mode":true,"campfire_choices":[{"data":"Doom and Gloom","floor":6.0,"key":"SMITH"},{"floor":13.0,"key":"REST"},{"data":"Defragment","floor":15.0,"key":"SMITH"},{"floor":24,"key":"REST"},{"data":"Coolheaded","floor":27,"key":"SMITH"},{"data":"Biased Cognition","floor":32,"key":"SMITH"},{"floor":44,"key":"RECALL"},{"data":"Amplify","floor":49,"key":"SMITH"},{"data":"Heatsinks","floor":52,"key":"SMITH"}],"neow_cost":"TEN_PERCENT_HP_LOSS","seed_source_timestamp":21339180694000,"circlet_count":0,"master_deck":["Doom and Gloom+1","Ball Lightning","Coolheaded+1","Compile Driver","Defragment+1","Echo Form","Conserve Battery+1","Heatsinks+1","Reinforced Body","Biased Cognition+1","Heatsinks+1","Heatsinks","Compile Driver+1","Electrodynamics","Aggregate+1","Leap+1","Defragment+1","Storm+1","Glacier","Amplify+1","Turbo"],"special_seed":0,"relics":["Cracked Core","Golden Idol","The Courier","Nunchaku","Akabeko","Membership Card","Lantern","SlaversCollar","Red Mask","OrangePellets","Molten Egg 2","Mummified Hand","CeramicFish","Astrolabe","Runic Capacitor","Happy Flower","Ice Cream","Du-Vu Doll","CaptainsWheel","Gambling Chip","Calipers","InkBottle","Vajra","Strawberry","Letter Opener"],"potions_floor_usage":[23,33,55],"damage_taken":[{"damage":1.0,"enemies":"Cultist","floor":1.0,"turns":3.0},{"damage":1.0,"enemies":"2 Louse","floor":3.0,"turns":2.0},{"damage":0.0,"enemies":"Small Slimes","floor":4.0,"turns":2.0},{"damage":25.0,"enemies":"Lagavulin","floor":7.0,"turns":6.0},{"damage":0.0,"enemies":"3 Louse","floor":8.0,"turns":1.0},{"damage":7.0,"enemies":"Red Slaver","floor":10.0,"turns":3.0},{"damage":0.0,"enemies":"3 Sentries","floor":11.0,"turns":3.0},{"damage":4.0,"enemies":"Large Slime","floor":14.0,"turns":3.0},{"damage":17.0,"enemies":"The Guardian","floor":16.0,"turns":8.0},{"damage":13.0,"enemies":"Shell Parasite","floor":18.0,"turns":5.0},{"damage":2.0,"enemies":"Chosen","floor":19.0,"turns":3.0},{"damage":8.0,"enemies":"Masked Bandits","floor":20.0,"turns":3.0},{"damage":23.0,"enemies":"3 Cultists","floor":21.0,"turns":4.0},{"damage":1,"enemies":"Slavers","floor":23,"turns":4},{"damage":0,"enemies":"Book of Stabbing","floor":29,"turns":3},{"damage":5,"enemies":"Centurion and Healer","floor":30,"turns":7},{"damage":9,"enemies":"Champ","floor":33,"turns":9},{"damage":2,"enemies":"Orb Walker","floor":35,"turns":2},{"damage":4,"enemies":"3 Shapes","floor":36,"turns":2},{"damage":0,"enemies":"Giant Head","floor":40,"turns":4},{"damage":4,"enemies":"Sphere and 2 Shapes","floor":41,"turns":2},{"damage":5,"enemies":"Nemesis","floor":42,"turns":3},{"damage":0,"enemies":"Giant Head","floor":45,"turns":7},{"damage":0,"enemies":"Reptomancer","floor":47,"turns":2},{"damage":0,"enemies":"Maw","floor":48,"turns":2},{"damage":0,"enemies":"Donu and Deca","floor":50,"turns":2},{"damage":0,"enemies":"Shield and Spear","floor":54,"turns":1},{"damage":1,"enemies":"The Heart","floor":55,"turns":8}],"seed_played":"-3247971667739475451","potions_obtained":[{"floor":3.0,"key":"PotionOfCapacity"},{"floor":4.0,"key":"Explosive Potion"},{"floor":7.0,"key":"DuplicationPotion"},{"floor":16.0,"key":"CultistPotion"},{"floor":20.0,"key":"SkillPotion"},{"floor":29,"key":"Explosive Potion"},{"floor":30,"key":"AttackPotion"},{"floor":36,"key":"PowerPotion"},{"floor":48,"key":"Swift Potion"},{"floor":54,"key":"Regen Potion"}],"is_trial":false,"path_per_floor":["M","?","M","M","?","R","E","M","T","M","E","$","R","M","R","B",null,"M","M","?","M","$","E","R","?","T","R","?","E","M","?","R","B",null,"M","M","?","$","$","E","M","E","T","R","E","?","E","M","R","B",null,"R","$","E","B",null],"character_chosen":"DEFECT","basemod:card_modifiers":[null,null,null,null,null,null,null,null,null,null,null,null,null,null,null,null,null,null,null,null,null],"items_purchased":["Membership Card","Lantern","Defragment","OrangePellets","Biased Cognition","Heatsinks","Heatsinks","Runic Capacitor","Happy Flower","Ice Cream","Turbo","InkBottle","Vajra","Strawberry"],"campfire_rested":2,"item_purchase_floors":[12,12,12,22,22,22,22,38,38,39,53,53,53,53],"current_hp_per_floor":[67,50,49,49,49,49,24,24,24,17,17,17,37,33,33,16,55,42,40,32,9,9,8,28,28,28,28,22,22,17,17,17,8,53,51,47,47,47,47,47,43,38,38,38,38,38,38,38,38,38,61,61,68,68,75],"gold":47,"neow_bonus":"REMOVE_TWO","is_prod":false,"is_daily":false,"chose_seed":false,"campfire_upgraded":6,"win_rate":0,"timestamp":1707655805,"path_taken":["M","?","M","M","?","R","E","M","T","M","E","$","R","M","R","BOSS","M","M","?","M","$","E","R","?","T","R","?","E","?","?","R","BOSS","M","M","?","?","$","E","M","E","T","R","E","?","E","M","R","BOSS","R","$","E","BOSS"],"build_version":"2022-12-18","purchased_purges":5,"victory":true,"max_hp_per_floor":[68,68,68,68,68,68,68,68,68,68,68,68,68,68,68,68,68,68,68,68,68,68,68,68,68,68,68,68,68,68,68,68,68,68,68,68,68,68,68,68,68,68,68,68,68,68,68,68,68,68,68,68,75,75,75],"relic_stats":{"Ice Cream":[7],"Calipers":[1721],"Happy Flower":[10],"counters":[28,104],"Golden Idol":226,"CeramicFish":72,"Astrolabe":["Aggregate","Leap","Defragment"],"The Courier":1475,"Letter Opener":[45],"OrangePellets":[17],"Nunchaku":[16],"Mummified Hand":[145],"Gambling Chip":[10],"Membership Card":1475,"obtain_stats":[{"Ice Cream":39,"Lantern":12,"Calipers":47,"CeramicFish":29,"Vajra":53,"Runic Capacitor":38,"Nunchaku":9,"Mummified Hand":26,"Gambling Chip":45,"Strawberry":53,"Red Mask":20,"Cracked Core":0,"InkBottle":53,"Happy Flower":38,"Golden Idol":2,"Astrolabe":34,"The Courier":7,"Letter Opener":54,"Akabeko":11,"Du-Vu Doll":40,"SlaversCollar":17,"OrangePellets":22,"CaptainsWheel":42,"Molten Egg 2":23,"Membership Card":12},{"Ice Cream":19,"Lantern":7,"Calipers":24,"CeramicFish":15,"Vajra":26,"Runic Capacitor":19,"Nunchaku":5,"Mummified Hand":14,"Gambling Chip":23,"Strawberry":26,"Red Mask":12,"Cracked Core":0,"InkBottle":26,"Happy Flower":19,"Golden Idol":1,"Astrolabe":17,"The Courier":4,"Letter Opener":27,"Akabeko":7,"Du-Vu Doll":20,"SlaversCollar":9,"OrangePellets":13,"CaptainsWheel":22,"Molten Egg 2":14,"Membership Card":7},{"Ice Cream":73,"Lantern":20,"Calipers":91,"CeramicFish":53,"Vajra":95,"Runic Capacitor":73,"Nunchaku":14,"Mummified Hand":50,"Gambling Chip":89,"Strawberry":95,"Red Mask":42,"Cracked Core":0,"InkBottle":95,"Happy Flower":73,"Golden Idol":3,"Astrolabe":69,"The Courier":13,"Letter Opener":96,"Akabeko":20,"Du-Vu Doll":77,"SlaversCollar":31,"OrangePellets":46,"CaptainsWheel":82,"Molten Egg 2":50,"Membership Card":20}],"InkBottle":[7]},"card_choices":[{"not_picked":["Hologram","Self Repair"],"picked":"Rebound","floor":1.0},{"not_picked":["Go for the Eyes","Compile Driver"],"picked":"Sweeping Beam","floor":3.0},{"not_picked":["Stack","Redo"],"picked":"Doom and Gloom","floor":4.0},{"not_picked":["Gash","Cold Snap"],"picked":"Ball Lightning","floor":7.0},{"not_picked":["Thunder Strike","Steam Power"],"picked":"Coolheaded","floor":8.0},{"not_picked":["Barrage","Double Energy"],"picked":"Compile Driver","floor":10.0},{"not_picked":["Lockon","Static Discharge","Recycle"],"picked":"SKIP","floor":11.0},{"not_picked":["Conserve Battery","Streamline","White Noise"],"picked":"SKIP","floor":14.0},{"not_picked":["Electrodynamics","Machine Learning"],"picked":"Echo Form","floor":16.0},{"not_picked":["Steam","Lockon"],"picked":"Conserve Battery+1","floor":18.0},{"not_picked":["Stack","Darkness"],"picked":"Heatsinks+1","floor":19.0},{"not_picked":["Rebound","Double Energy"],"picked":"Reinforced Body","floor":20.0},{"not_picked":["White Noise","Steam Power","Beam Cell+1"],"picked":"SKIP","floor":21.0},{"not_picked":["Ball Lightning+1","Core Surge+1"],"picked":"Compile Driver+1","floor":23},{"not_picked":["Redo","Blizzard+1","Multi-Cast"],"picked":"SKIP","floor":29},{"not_picked":["Compile Driver+1","Undo","Rip and Tear+1"],"picked":"SKIP","floor":30},{"not_picked":["Core Surge+1","Buffer"],"picked":"Electrodynamics","floor":33},{"not_picked":["Rebound+1","Conserve Battery+1"],"picked":"Storm+1","floor":35},{"not_picked":["Genetic Algorithm+1","Loop+1"],"picked":"Glacier","floor":36},{"not_picked":["Double Energy","Barrage+1","Beam Cell+1"],"picked":"SKIP","floor":40},{"not_picked":["Go for the Eyes+1","Genetic Algorithm+1","Steam+1"],"picked":"SKIP","floor":41},{"not_picked":["Beam Cell+1","Gash+1","Lockon+1"],"picked":"SKIP","floor":42},{"not_picked":["Hyperbeam+1","Rip and Tear+1"],"picked":"Amplify","floor":45},{"not_picked":["Cold Snap+1","Rebound+1","Sweeping Beam+1"],"picked":"SKIP","floor":47},{"not_picked":["Rebound+1","Chaos","Stack+1"],"picked":"SKIP","floor":48},{"not_picked":["Streamline+1","Hello World+1","Sunder+1"],"picked":"SKIP","floor":54}],"player_experience":582109,"relics_obtained":[{"floor":7.0,"key":"The Courier"},{"floor":9.0,"key":"Nunchaku"},{"floor":11.0,"key":"Akabeko"},{"floor":20.0,"key":"Red Mask"},{"floor":23,"key":"Molten Egg 2"},{"floor":26,"key":"Mummified Hand"},{"floor":29,"key":"CeramicFish"},{"floor":40,"key":"Du-Vu Doll"},{"floor":42,"key":"CaptainsWheel"},{"floor":45,"key":"Gambling Chip"},{"floor":47,"key":"Calipers"},{"floor":54,"key":"Letter Opener"}],"event_choices":[{"damage_healed":0.0,"max_hp_gain":0.0,"max_hp_loss":0.0,"gold_gain":0.0,"event_name":"Golden Idol","player_choice":"Take Damage","floor":2.0,"gold_loss":0.0,"damage_taken":17.0,"relics_obtained":["Golden Idol"]},{"cards_removed":["Strike_B"],"damage_healed":0.0,"max_hp_gain":0.0,"max_hp_loss":0.0,"gold_gain":0.0,"event_name":"The Cleric","player_choice":"Card Removal","floor":5.0,"gold_loss":50.0,"damage_taken":0.0},{"damage_healed":0.0,"max_hp_gain":0.0,"max_hp_loss":0.0,"gold_gain":0.0,"event_name":"Masked Bandits","player_choice":"Fought Bandits","floor":20.0,"gold_loss":0.0,"damage_taken":0.0},{"damage_healed":0,"gold_gain":99,"player_choice":"Stole From Cult","damage_taken":0,"max_hp_gain":0,"max_hp_loss":0,"event_name":"Nest","floor":25,"gold_loss":0},{"damage_healed":0,"gold_gain":0,"player_choice":"","damage_taken":6,"max_hp_gain":0,"max_hp_loss":0,"event_name":"Knowing Skull","floor":28,"potions_obtained":[],"gold_loss":0,"cards_obtained":[]},{"damage_healed":0,"gold_gain":100,"player_choice":"Pray","damage_taken":0,"max_hp_gain":0,"max_hp_loss":0,"event_name":"Golden Shrine","floor":31,"gold_loss":0},{"damage_healed":0,"gold_gain":0,"player_choice":"0 cards matched","damage_taken":0,"max_hp_gain":0,"max_hp_loss":0,"event_name":"Match and Keep!","floor":37,"gold_loss":0,"cards_obtained":[]},{"cards_removed":["Sweeping Beam"],"damage_healed":0,"gold_gain":0,"player_choice":"Removed Attack","damage_taken":0,"max_hp_gain":0,"max_hp_loss":0,"event_name":"Falling","floor":46,"gold_loss":0}],"is_beta":false,"boss_relics":[{"not_picked":["Busted Crown","Fusion Hammer"],"picked":"SlaversCollar"},{"not_picked":["Black Star","Cursed Key"],"picked":"Astrolabe"}],"items_purged_floors":[12,22,38,39,53],"is_endless":false,"potions_floor_spawned":[3,4,7,16,20,29,30,36,45,47,48,54],"ascension_level":7}