{"gold_per_floor":[114,124,141,160,160,192,210,210,258,287,301,315,315],"floor_reached":13,"playtime":336,"items_purged":[],"score":198,"play_id":"993b5fbf-cd2e-4a25-86b3-d383f8dfdeee","local_time":"20240212033510","is_ascension_mode":true,"campfire_choices":[{"data":"Blade Dance","floor":8.0,"key":"SMITH"}],"neow_cost":"NONE","seed_source_timestamp":43392786996300,"circlet_count":0,"master_deck":["AscendersBane","Strike_G","Strike_G","Strike_G","Strike_G","Defend_G","Defend_G","Defend_G","Defend_G","Defend_G","Survivor","Neutralize","Blade Dance+1","Flying Knee","Predator","A Thousand Cuts"],"special_seed":0,"relics":["Ring of the Snake","Anchor","Mummified Hand"],"potions_floor_usage":[13,13],"damage_taken":[{"damage":4.0,"enemies":"Cultist","floor":1.0,"turns":4.0},{"damage":4.0,"enemies":"Small Slimes","floor":2.0,"turns":3.0},{"damage":0.0,"enemies":"2 Louse","floor":3.0,"turns":3.0},{"damage":1.0,"enemies":"2 Fungi Beasts","floor":4.0,"turns":4.0},{"damage":17.0,"enemies":"Lagavulin","floor":6.0,"turns":7.0},{"damage":0.0,"enemies":"3 Louse","floor":7.0,"turns":2.0},{"damage":5.0,"enemies":"3 Sentries","floor":10.0,"turns":9.0},{"damage":0.0,"enemies":"Exordium Wildlife","floor":11.0,"turns":3.0},{"damage":13.0,"enemies":"Exordium Thugs","floor":12.0,"turns":4.0},{"damage":33,"enemies":"Gremlin Nob","floor":13,"turns":3}],"seed_played":"-4648938703148981999","potions_obtained":[{"floor":0.0,"key":"CultistPotion"},{"floor":0.0,"key":"BlessingOfTheForge"},{"floor":6.0,"key":"EssenceOfSteel"},{"floor":7.0,"key":"LiquidBronze"},{"floor":10.0,"key":"Regen Potion"}],"is_trial":false,"path_per_floor":["M","M","M","M","?","E","M","R","T","E","M","M","E"],"character_chosen":"THE_SILENT","basemod:card_modifiers":[null,null,null,null,null,null,null,null,null,null,null,null,null,null,null,null],"items_purchased":[],"campfire_rested":0,"item_purchase_floors":[],"current_hp_per_floor":[55,51,51,50,50,33,33,33,33,28,28,15,0],"gold":315,"neow_bonus":"THREE_SMALL_POTIONS","is_prod":false,"is_daily":false,"chose_seed":false,"campfire_upgraded":1,"win_rate":0,"timestamp":1707676510,"path_taken":["M","M","M","?","?","E","M","R","T","E","M","M","E"],"build_version":"2022-12-18","purchased_purges":0,"victory":false,"max_hp_per_floor":[66,66,66,66,66,66,66,66,66,66,66,66,66],"relic_stats":{"counters":[10,42],"Mummified Hand":[3],"obtain_stats":[{"Anchor":6,"Mummified Hand":10,"Ring of the Snake":0},{"Anchor":5,"Mummified Hand":7,"Ring of the Snake":0},{"Anchor":21,"Mummified Hand":32,"Ring of the Snake":0}],"Ring of the Snake":[20]},"card_choices":[{"not_picked":["Expertise","Accuracy"],"picked":"Blade Dance","floor":1.0},{"not_picked":["Bane","Skewer","Deflect"],"picked":"SKIP","floor":2.0},{"not_picked":["Escape Plan","Poisoned Stab"],"picked":"Flying Knee","floor":3.0},{"not_picked":["Doppelganger","Bane"],"picked":"Predator","floor":4.0},{"not_picked":["Flying Knee","Slice","Deadly Poison"],"picked":"SKIP","floor":6.0},{"not_picked":["Sucker Punch","Riddle With Holes","PiercingWail"],"picked":"SKIP","floor":7.0},{"not_picked":["Backflip","Skewer"],"picked":"A Thousand Cuts","floor":10.0},{"not_picked":["Poisoned Stab","Outmaneuver","Backflip"],"picked":"SKIP","floor":11.0},{"not_picked":["Flying Knee","Dagger Throw","Deadly Poison"],"picked":"SKIP","floor":12.0}],"player_experience":595787,"relics_obtained":[{"floor":6.0,"key":"Anchor"},{"floor":10.0,"key":"Mummified Hand"}],"event_choices":[{"cards_removed":["Strike_G"],"damage_healed":0.0,"max_hp_gain":0.0,"max_hp_loss":0.0,"gold_gain":0.0,"event_name":"Purifier","player_choice":"Purged","floor":5.0,"gold_loss":0.0,"damage_taken":0.0}],"is_beta":false,"boss_relics":[],"items_purged_floors":[],"is_endless":false,"potions_floor_spawned":[1,6,7,10],"killed_by":"Gremlin Nob","ascension_level":20}