{"gold_per_floor":[111,111,36,55,2,32,46,46,46,79,93,111,122,165,165,270,297,317,242,264,95,121,161,161,190,236,236,247,247,266,305,305,418,418,447,466,528,528,253,287,309,309,309,351,380,380,380,230,230,230,230,230,22,53,53],"floor_reached":56,"playtime":2196,"items_purged":["Pain","Strike_B","Defend_B","Cold Snap+1"],"score":1864,"play_id":"14809e03-6116-4af9-90da-c9a0c2fd2746","local_time":"20240218220842","is_ascension_mode":true,"campfire_choices":[{"data":"Barrage","floor":8,"key":"SMITH"},{"data":"Coolheaded","floor":15,"key":"SMITH"},{"data":"Aggregate","floor":27,"key":"SMITH"},{"data":"Defragment","floor":29,"key":"SMITH"},{"data":"Aggregate","floor":32,"key":"SMITH"},{"data":"Strike_B","floor":42,"key":"PURGE"},{"data":"Strike_B","floor":47,"key":"PURGE"},{"floor":49,"key":"RECALL"},{"data":"Zap","floor":52,"key":"PURGE"}],"neow_cost":"NONE","seed_source_timestamp":15370836589800,"circlet_count":0,"master_deck":["Dualcast","Compile Driver","Barrage+1","Sweeping Beam","Ball Lightning","Glacier","Coolheaded+1","Core Surge","Capacitor+1","Steam Power+1","Barrage+1","Aggregate+1","Defragment+1","Defragment+1","Compile Driver+1","Turbo","Aggregate+1","Compile Driver+1","Biased Cognition","Hologram+1","Undo+1","Coolheaded+1","Doom and Gloom+1","Coolheaded+1","Skim+1","Heatsinks"],"relics":["Cracked Core","NeowsBlessing","WarpedTongs","Centennial Puzzle","HornCleat","Blood Vial","CeramicFish","Astrolabe","InkBottle","Enchiridion","Bag of Marbles","Toxic Egg 2","Fusion Hammer","Peace Pipe","Medical Kit","Ancient Tea Set","Bronze Scales","Orrery","Art of War"],"potions_floor_usage":[16,23,31,50],"damage_taken":[{"damage":0,"enemies":"Jaw Worm","floor":1,"turns":1},{"damage":0,"enemies":"Cultist","floor":4,"turns":1},{"damage":0,"enemies":"Gremlin Nob","floor":6,"turns":1},{"damage":0,"enemies":"2 Louse","floor":7,"turns":2},{"damage":20,"enemies":"3 Sentries","floor":10,"turns":6},{"damage":1,"enemies":"Exordium Wildlife","floor":11,"turns":3},{"damage":8,"enemies":"3 Louse","floor":12,"turns":3},{"damage":0,"enemies":"Large Slime","floor":13,"turns":4},{"damage":8,"enemies":"Lagavulin","floor":14,"turns":6},{"damage":23,"enemies":"Hexaghost","floor":16,"turns":8},{"damage":6,"enemies":"Shell Parasite","floor":18,"turns":7},{"damage":3,"enemies":"3 Byrds","floor":20,"turns":4},{"damage":7,"enemies":"Centurion and Healer","floor":22,"turns":8},{"damage":13,"enemies":"Book of Stabbing","floor":23,"turns":6},{"damage":0,"enemies":"Snake Plant","floor":25,"turns":6},{"damage":0,"enemies":"Snecko","floor":28,"turns":2},{"damage":0,"enemies":"3 Cultists","floor":30,"turns":3},{"damage":0,"enemies":"Gremlin Leader","floor":31,"turns":4},{"damage":0,"enemies":"Collector","floor":33,"turns":8},{"damage":11,"enemies":"Orb Walker","floor":35,"turns":3},{"damage":11,"enemies":"3 Shapes","floor":36,"turns":3},{"damage":25,"enemies":"2 Orb Walkers","floor":37,"turns":5},{"damage":5,"enemies":"Giant Head","floor":40,"turns":5},{"damage":1,"enemies":"Writhing Mass","floor":41,"turns":5},{"damage":0,"enemies":"Nemesis","floor":44,"turns":3},{"damage":0,"enemies":"Spire Growth","floor":45,"turns":3},{"damage":16,"enemies":"Time Eater","floor":50,"turns":8},{"damage":0,"enemies":"Shield and Spear","floor":54,"turns":3},{"damage":63,"enemies":"The Heart","floor":55,"turns":7}],"seed_played":"5980987910992330979","potions_obtained":[{"floor":4,"key":"SpeedPotion"},{"floor":12,"key":"FairyPotion"},{"floor":14,"key":"Strength Potion"},{"floor":20,"key":"Block Potion"},{"floor":25,"key":"DistilledChaos"},{"floor":31,"key":"PotionOfCapacity"}],"is_trial":false,"path_per_floor":["M","?","$","M","$","E","M","R","T","E","M","M","M","E","R","B",null,"M","?","M","$","M","E","?","M","T","R","M","R","M","E","R","B",null,"M","M","?","?","$","E","M","R","T","E","M","?","R","$","R","B",null,"R","$","E","B",null],"character_chosen":"DEFECT","basemod:card_modifiers":[null,null,null,null,null,null,null,null,null,null,null,null,null,null,null,null,null,null,null,null,null,null,null,null,null,null],"items_purchased":["Barrage","Defragment","Medical Kit","Heatsinks","Orrery"],"campfire_rested":0,"item_purchase_floors":[5,21,39,53,53],"current_hp_per_floor":[68,68,68,68,68,68,68,68,68,48,49,43,45,39,39,18,61,57,57,56,56,51,40,24,26,26,26,28,28,30,32,32,34,65,56,47,24,24,24,21,22,22,22,24,26,26,26,26,26,12,56,56,56,58,18],"gold":53,"neow_bonus":"THREE_ENEMY_KILL","is_prod":false,"is_daily":false,"chose_seed":false,"campfire_upgraded":5,"win_rate":0,"timestamp":1708261722,"path_taken":["M","?","$","M","$","E","M","R","T","E","M","M","?","E","R","BOSS","M","?","M","$","M","E","?","?","T","R","M","R","M","E","R","BOSS","M","M","?","?","$","E","M","R","T","E","M","?","R","$","R","BOSS","R","$","E","BOSS"],"build_version":"2022-12-18","purchased_purges":4,"victory":true,"max_hp_per_floor":[75,75,75,75,75,75,75,75,75,75,75,75,75,75,75,75,75,75,75,75,75,75,75,75,75,75,75,75,75,75,75,75,75,75,75,75,75,71,71,71,71,71,71,71,71,71,71,71,71,71,71,71,71,71,71],"relic_stats":{"counters":[29,127],"CeramicFish":189,"Astrolabe":["Capacitor","Steam Power","Barrage"],"Medical Kit":[15],"Ancient Tea Set":[6],"WarpedTongs":[119],"Blood Vial":48,"Peace Pipe":3,"Centennial Puzzle":[48],"Bronze Scales":[126],"Art of War":[1],"obtain_stats":[{"NeowsBlessing":0,"CeramicFish":14,"Astrolabe":17,"Enchiridion":24,"Medical Kit":39,"Ancient Tea Set":40,"WarpedTongs":2,"Blood Vial":10,"Peace Pipe":37,"Centennial Puzzle":6,"HornCleat":9,"Bronze Scales":44,"Orrery":53,"Fusion Hammer":34,"Bag of Marbles":26,"Art of War":54,"Toxic Egg 2":31,"Cracked Core":0,"InkBottle":23},{"NeowsBlessing":0,"CeramicFish":9,"Astrolabe":10,"Enchiridion":14,"Medical Kit":22,"Ancient Tea Set":23,"WarpedTongs":1,"Blood Vial":5,"Peace Pipe":22,"Centennial Puzzle":3,"HornCleat":4,"Bronze Scales":25,"Orrery":27,"Fusion Hammer":19,"Bag of Marbles":15,"Art of War":28,"Toxic Egg 2":18,"Cracked Core":0,"InkBottle":14},{"NeowsBlessing":0,"CeramicFish":27,"Astrolabe":35,"Enchiridion":60,"Medical Kit":93,"Ancient Tea Set":98,"WarpedTongs":1,"Blood Vial":11,"Peace Pipe":93,"Centennial Puzzle":3,"HornCleat":5,"Bronze Scales":106,"Orrery":117,"Fusion Hammer":83,"Bag of Marbles":66,"Art of War":120,"Toxic Egg 2":75,"Cracked Core":0,"InkBottle":60}],"InkBottle":[44]},"card_choices":[{"not_picked":["Stack","Aggregate","Conserve Battery"],"picked":"SKIP","floor":1},{"not_picked":["Beam Cell","Conserve Battery"],"picked":"Compile Driver","floor":4},{"not_picked":["Steam","Reboot"],"picked":"Sweeping Beam","floor":6},{"not_picked":["Scrape","Fusion","Lockon"],"picked":"SKIP","floor":7},{"not_picked":["Turbo","Force Field","Recycle"],"picked":"SKIP","floor":10},{"not_picked":["Gash","Compile Driver"],"picked":"Ball Lightning","floor":11},{"not_picked":["Barrage","Hologram"],"picked":"Glacier","floor":12},{"not_picked":["Conserve Battery","Fusion","Turbo"],"picked":"SKIP","floor":13},{"not_picked":["Heatsinks","Thunder Strike"],"picked":"Coolheaded","floor":14},{"not_picked":["Fission","Hyperbeam"],"picked":"Core Surge","floor":16},{"not_picked":["Steam","Leap"],"picked":"Aggregate","floor":18},{"not_picked":["Gash","Beam Cell"],"picked":"Cold Snap+1","floor":20},{"not_picked":["Rebound","Cold Snap"],"picked":"Defragment+1","floor":22},{"not_picked":["Streamline","Conserve Battery"],"picked":"Compile Driver+1","floor":23},{"not_picked":["Barrage","Electrodynamics"],"picked":"Turbo","floor":25},{"not_picked":["Steam","Conserve Battery","Redo"],"picked":"SKIP","floor":28},{"not_picked":["Barrage","Leap"],"picked":"Aggregate","floor":30},{"not_picked":["Defragment","Undo+1"],"picked":"Compile Driver+1","floor":31},{"not_picked":["Meteor Strike","Multi-Cast+1"],"picked":"Biased Cognition","floor":33},{"not_picked":["Glacier+1","Loop"],"picked":"Hologram+1","floor":35},{"not_picked":["Melter+1","Barrage"],"picked":"Undo+1","floor":36},{"not_picked":["Aggregate+1","Rebound+1"],"picked":"Coolheaded+1","floor":37},{"not_picked":["Chill+1","Streamline","Steam+1"],"picked":"SKIP","floor":40},{"not_picked":["Stack+1","Turbo+1"],"picked":"Doom and Gloom+1","floor":41},{"not_picked":["Streamline","Gash+1"],"picked":"Coolheaded+1","floor":44},{"not_picked":["Turbo+1","Auto Shields+1"],"picked":"Skim+1","floor":45},{"not_picked":["Conserve Battery+1","Leap+1","Streamline+1"],"picked":"SKIP","floor":54}],"player_experience":608779,"relics_obtained":[{"floor":6,"key":"Centennial Puzzle"},{"floor":9,"key":"HornCleat"},{"floor":10,"key":"Blood Vial"},{"floor":14,"key":"CeramicFish"},{"floor":23,"key":"InkBottle"},{"floor":24,"key":"Enchiridion"},{"floor":26,"key":"Bag of Marbles"},{"floor":31,"key":"Toxic Egg 2"},{"floor":37,"key":"Peace Pipe"},{"floor":40,"key":"Ancient Tea Set"},{"floor":44,"key":"Bronze Scales"},{"floor":54,"key":"Art of War"}],"event_choices":[{"damage_healed":0,"gold_gain":0,"player_choice":"Rummage","damage_taken":0,"relics_obtained":["WarpedTongs"],"max_hp_gain":0,"max_hp_loss":0,"event_name":"Accursed Blacksmith","floor":2,"gold_loss":0,"cards_obtained":["Pain"]},{"cards_removed":["Defend_B"],"damage_healed":0,"gold_gain":0,"player_choice":"Gave Gold","damage_taken":0,"max_hp_gain":0,"max_hp_loss":0,"event_name":"Beggar","floor":19,"gold_loss":75},{"damage_healed":0,"gold_gain":0,"player_choice":"Obtained Book","damage_taken":16,"max_hp_gain":0,"max_hp_loss":0,"event_name":"Cursed Tome","floor":24,"gold_loss":0},{"damage_healed":0,"gold_gain":0,"player_choice":"Fight","damage_taken":0,"max_hp_gain":0,"max_hp_loss":0,"event_name":"Mysterious Sphere","floor":37,"gold_loss":0},{"damage_healed":0,"gold_gain":0,"player_choice":"Max HP","damage_taken":0,"max_hp_gain":0,"max_hp_loss":4,"event_name":"Winding Halls","floor":38,"gold_loss":0},{"damage_healed":0,"gold_gain":0,"player_choice":"Bought 0 Potions","damage_taken":0,"max_hp_gain":0,"max_hp_loss":0,"event_name":"The Woman in Blue","floor":46,"gold_loss":0}],"is_beta":false,"boss_relics":[{"not_picked":["Runic Dome","Snecko Eye"],"picked":"Astrolabe"},{"not_picked":["Tiny House","FrozenCore"],"picked":"Fusion Hammer"}],"items_purged_floors":[3,21,39,48],"is_endless":false,"potions_floor_spawned":[4,12,14,20,25,31,36,40,45],"ascension_level":8}