{"gold_per_floor":[119,194,45,65,65,65,98,98,121,121,151,165,165,185,185,288,288,305,205,205,222,232,232,248,268,323,323,357,357,369,397,397,492,492,509,557,557,576,451,451,52,52,77,108,126,157,34,48,48,48,48,48,10,41,41],"floor_reached":56,"playtime":1498,"items_purged":["Strike_P","Pain","Defend_P","Strike_P+1"],"score":1988,"play_id":"ba02cea2-ab74-4013-a291-4b58156019f1","local_time":"20240220032241","is_ascension_mode":true,"campfire_choices":[{"data":"Eruption","floor":6.0,"key":"SMITH"},{"data":"Adaptation","floor":8.0,"key":"SMITH"},{"data":"FollowUp","floor":10.0,"key":"SMITH"},{"data":"MentalFortress","floor":15.0,"key":"SMITH"},{"floor":23.0,"key":"REST"},{"floor":27.0,"key":"REST"},{"floor":29.0,"key":"REST"},{"floor":32.0,"key":"REST"},{"data":"Prostrate","floor":40.0,"key":"SMITH"},{"data":"EmptyFist","floor":42.0,"key":"SMITH"},{"floor":49.0,"key":"RECALL"},{"floor":52.0,"key":"REST"}],"neow_cost":"NONE","seed_source_timestamp":19045804704600,"circlet_count":0,"master_deck":["Strike_P+1","Defend_P+1","Defend_P+1","Defend_P+1","Eruption+1","Vigilance+1","Consecrate+1","Adaptation+1","CutThroughFate+1","FollowUp+1","FlurryOfBlows+1","MentalFortress+1","LessonLearned+1","FearNoEvil+1","Halt+1","EmptyFist+1","Tantrum+1","EmptyMind+1","Prostrate+1"],"special_seed":0,"relics":["HolyWater","NeowsBlessing","Whetstone","Oddly Smooth Stone","WarpedTongs","Bag of Preparation","StrikeDummy","Lantern","SacredBark","GoldenEye","Shuriken","PreservedInsect","Pear","The Courier","Lee\u0027s Waffle","TungstenRod"],"potions_floor_usage":[55],"damage_taken":[{"damage":0.0,"enemies":"Cultist","floor":1.0,"turns":1.0},{"damage":0.0,"enemies":"2 Louse","floor":4.0,"turns":1.0},{"damage":0.0,"enemies":"3 Sentries","floor":7.0,"turns":1.0},{"damage":0.0,"enemies":"Lagavulin","floor":11.0,"turns":3.0},{"damage":3.0,"enemies":"Jaw Worm","floor":12.0,"turns":2.0},{"damage":19.0,"enemies":"Red Slaver","floor":14.0,"turns":6.0},{"damage":19.0,"enemies":"Hexaghost","floor":16.0,"turns":8.0},{"damage":25.0,"enemies":"Shell Parasite","floor":18.0,"turns":5.0},{"damage":4.0,"enemies":"2 Thieves","floor":21.0,"turns":2.0},{"damage":26.0,"enemies":"Snake Plant","floor":22.0,"turns":6.0},{"damage":5.0,"enemies":"Centurion and Healer","floor":24.0,"turns":4.0},{"damage":16.0,"enemies":"Snecko","floor":25.0,"turns":6.0},{"damage":10.0,"enemies":"Gremlin Leader","floor":28.0,"turns":7.0},{"damage":0.0,"enemies":"Cultist and Chosen","floor":30.0,"turns":3.0},{"damage":12.0,"enemies":"Book of Stabbing","floor":31.0,"turns":5.0},{"damage":6.0,"enemies":"Collector","floor":33.0,"turns":4.0},{"damage":11.0,"enemies":"3 Shapes","floor":35.0,"turns":3.0},{"damage":0.0,"enemies":"2 Orb Walkers","floor":36.0,"turns":3.0},{"damage":0.0,"enemies":"3 Darklings","floor":38.0,"turns":3.0},{"damage":0.0,"enemies":"Nemesis","floor":44.0,"turns":1.0},{"damage":11.0,"enemies":"Writhing Mass","floor":45.0,"turns":6.0},{"damage":27.0,"enemies":"Reptomancer","floor":46.0,"turns":3.0},{"damage":9.0,"enemies":"Spire Growth","floor":48.0,"turns":3.0},{"damage":0.0,"enemies":"Time Eater","floor":50.0,"turns":4.0},{"damage":0.0,"enemies":"Shield and Spear","floor":54.0,"turns":3.0},{"damage":125,"enemies":"The Heart","floor":55,"turns":8}],"seed_played":"-4364036969159761345","potions_obtained":[{"floor":1.0,"key":"Block Potion"},{"floor":4.0,"key":"DistilledChaos"},{"floor":14.0,"key":"DuplicationPotion"},{"floor":16.0,"key":"BlessingOfTheForge"},{"floor":18.0,"key":"Dexterity Potion"},{"floor":24.0,"key":"Fruit Juice"},{"floor":25.0,"key":"DuplicationPotion"},{"floor":31.0,"key":"Strength Potion"},{"floor":33.0,"key":"Fire Potion"},{"floor":36.0,"key":"FairyPotion"},{"floor":38.0,"key":"BottledMiracle"},{"floor":46.0,"key":"BlessingOfTheForge"},{"floor":54.0,"key":"FairyPotion"}],"is_trial":false,"path_per_floor":["M","?","$","M","$","R","E","R","T","R","E","M","?","M","R","B",null,"M","$","?","M","M","R","M","M","T","R","E","R","M","E","R","B",null,"M","?","?","M","$","R","$","R","T","E","M","E","$","M","R","B",null,"R","$","E","B",null],"character_chosen":"WATCHER","basemod:card_modifiers":[null,null,null,null,null,null,null,null,null,null,null,null,null,null,null,null,null,null,null],"items_purchased":["Adaptation","Shuriken","Lee\u0027s Waffle","Strength Potion"],"campfire_rested":5,"item_purchase_floors":[3,41,47,53],"current_hp_per_floor":[65,54,54,54,54,54,54,54,54,54,54,51,51,32,32,13,57,32,32,32,28,2,23,18,7,7,30,20,43,43,31,54,48,70,59,59,59,59,59,59,59,59,59,69,58,31,94,85,85,85,92,94,94,94,27],"gold":41,"neow_bonus":"THREE_ENEMY_KILL","is_prod":false,"is_daily":false,"chose_seed":false,"campfire_upgraded":6,"win_rate":0,"timestamp":1708366961,"path_taken":["M","?","$","M","$","R","E","R","T","R","E","M","?","M","R","BOSS","M","$","?","M","M","R","M","M","T","R","E","R","M","E","R","BOSS","M","?","?","?","$","R","$","R","T","E","M","E","$","M","R","BOSS","R","$","E","BOSS"],"build_version":"2022-12-18","purchased_purges":4,"victory":true,"max_hp_per_floor":[72,72,72,72,72,72,72,72,72,72,72,72,72,72,72,72,72,72,72,72,72,72,72,72,77,77,77,77,77,77,77,77,77,77,77,77,77,77,77,77,77,77,77,87,87,87,94,94,94,94,94,94,94,94,94],"relic_stats":{"Lee\u0027s Waffle":63,"counters":[26,101],"Shuriken":[33],"HolyWater":[45],"PreservedInsect":189,"The Courier":41,"Bag of Preparation":[28],"Whetstone":["Strike_P","CutThroughFate"],"GoldenEye":[25],"obtain_stats":[{"Lantern":31,"Lee\u0027s Waffle":47,"Pear":44,"NeowsBlessing":0,"SacredBark":34,"Oddly Smooth Stone":11,"PreservedInsect":43,"The Courier":46,"Bag of Preparation":26,"Whetstone":7,"GoldenEye":36,"WarpedTongs":13,"Shuriken":41,"HolyWater":17,"PureWater":0,"StrikeDummy":28,"TungstenRod":54},{"Lantern":15,"Lee\u0027s Waffle":22,"Pear":20,"NeowsBlessing":0,"SacredBark":16,"Oddly Smooth Stone":4,"PreservedInsect":19,"The Courier":22,"Bag of Preparation":12,"Whetstone":3,"GoldenEye":18,"WarpedTongs":5,"Shuriken":19,"HolyWater":7,"PureWater":0,"StrikeDummy":13,"TungstenRod":25},{"Lantern":60,"Lee\u0027s Waffle":83,"Pear":74,"NeowsBlessing":0,"SacredBark":64,"Oddly Smooth Stone":6,"PreservedInsect":73,"The Courier":83,"Bag of Preparation":45,"Whetstone":3,"GoldenEye":70,"WarpedTongs":8,"Shuriken":73,"HolyWater":22,"PureWater":0,"StrikeDummy":52,"TungstenRod":93}],"TungstenRod":33,"WarpedTongs":[82]},"card_choices":[{"not_picked":["Perseverance","CutThroughFate"],"picked":"Consecrate","floor":1.0},{"not_picked":["WheelKick","JustLucky"],"picked":"CutThroughFate","floor":4.0},{"not_picked":["LikeWater","WindmillStrike"],"picked":"FollowUp","floor":7.0},{"not_picked":["Wireheading","Swivel","Halt"],"picked":"SKIP","floor":11.0},{"not_picked":["Prostrate","Consecrate"],"picked":"FlurryOfBlows","floor":12.0},{"not_picked":["CutThroughFate","FollowUp"],"picked":"MentalFortress","floor":14.0},{"not_picked":["Establishment","Devotion"],"picked":"LessonLearned","floor":16.0},{"not_picked":["CutThroughFate","FlyingSleeves","WreathOfFlame+1"],"picked":"SKIP","floor":18.0},{"not_picked":["Consecrate+1","ReachHeaven"],"picked":"FearNoEvil","floor":21.0},{"not_picked":["FearNoEvil","Halt+1","FollowUp"],"picked":"SKIP","floor":22.0},{"not_picked":["JustLucky+1","FlurryOfBlows"],"picked":"Halt+1","floor":24.0},{"not_picked":["Collect+1","Prostrate"],"picked":"EmptyFist","floor":25.0},{"not_picked":["Crescendo","Weave"],"picked":"Tantrum","floor":28.0},{"not_picked":["Blasphemy","EmptyBody","Consecrate"],"picked":"SKIP","floor":30.0},{"not_picked":["SignatureMove","LessonLearned","PathToVictory"],"picked":"SKIP","floor":31.0},{"not_picked":["Consecrate+1","Protect+1"],"picked":"EmptyMind+1","floor":35.0},{"not_picked":["Worship+1","Brilliance"],"picked":"Prostrate","floor":38.0},{"not_picked":["Evaluate","FlyingSleeves","EmptyBody+1"],"picked":"SKIP","floor":44.0},{"not_picked":["EmptyFist","SashWhip+1","WaveOfTheHand+1"],"picked":"SKIP","floor":45.0},{"not_picked":["LikeWater+1","EmptyBody+1","Consecrate+1"],"picked":"SKIP","floor":46.0},{"not_picked":["Crescendo+1","Nirvana","JustLucky"],"picked":"SKIP","floor":48.0},{"not_picked":["FlyingSleeves+1","SashWhip+1","Indignation+1"],"picked":"SKIP","floor":54.0}],"player_experience":622328,"relics_obtained":[{"floor":7.0,"key":"Whetstone"},{"floor":11.0,"key":"Oddly Smooth Stone"},{"floor":26.0,"key":"Bag of Preparation"},{"floor":28.0,"key":"StrikeDummy"},{"floor":31.0,"key":"Lantern"},{"floor":36.0,"key":"GoldenEye"},{"floor":43.0,"key":"PreservedInsect"},{"floor":44.0,"key":"Pear"},{"floor":46.0,"key":"The Courier"},{"floor":54.0,"key":"TungstenRod"}],"event_choices":[{"damage_healed":0.0,"max_hp_gain":0.0,"max_hp_loss":0.0,"gold_gain":75.0,"event_name":"World of Goop","player_choice":"Gather Gold","floor":2.0,"gold_loss":0.0,"damage_taken":11.0},{"damage_healed":0.0,"max_hp_gain":0.0,"max_hp_loss":0.0,"gold_gain":0.0,"event_name":"Accursed Blacksmith","player_choice":"Rummage","floor":13.0,"gold_loss":0.0,"damage_taken":0.0,"relics_obtained":["WarpedTongs"],"cards_obtained":["Pain"]},{"cards_removed":["Strike_P"],"damage_healed":0.0,"max_hp_gain":0.0,"max_hp_loss":0.0,"gold_gain":0.0,"event_name":"Purifier","player_choice":"Purged","floor":20.0,"gold_loss":0.0,"damage_taken":0.0},{"damage_healed":0.0,"max_hp_gain":0.0,"max_hp_loss":0.0,"gold_gain":0.0,"event_name":"Mysterious Sphere","player_choice":"Fight","floor":36.0,"gold_loss":0.0,"damage_taken":0.0},{"damage_healed":0.0,"max_hp_gain":0.0,"max_hp_loss":0.0,"gold_gain":0.0,"event_name":"SecretPortal","player_choice":"Ignored","floor":37.0,"gold_loss":0.0,"damage_taken":0.0}],"is_beta":false,"boss_relics":[{"not_picked":["Sozu","Snecko Eye"],"picked":"HolyWater"},{"not_picked":["Cursed Key","Tiny House"],"picked":"SacredBark"}],"items_purged_floors":[3,19,39,41],"is_endless":false,"potions_floor_spawned":[1,4,14,16,18,24,25,31,33,36,38,46,54],"ascension_level":9}