{"gold_per_floor":[114,16,34,50,60,60,90,106,106,106,117,142,142,167,167,272,272,290,390,24,57,57,92,112,131,131,60,60,60,71,105,105,207,207,217,217,439,264,279,279,311,329,329,204,228,263,276,276,276,276,276,276,78,109,109],"floor_reached":55,"playtime":1897,"items_purged":["Defend_B","Strike_B","Strike_B","Strike_B"],"score":1233,"play_id":"4b15c38d-eac8-440f-b56b-ac93484f90ef","local_time":"20240219002630","is_ascension_mode":true,"campfire_choices":[{"data":"Barrage","floor":6.0,"key":"SMITH"},{"data":"Zap","floor":10.0,"key":"SMITH"},{"data":"White Noise","floor":13.0,"key":"SMITH"},{"data":"Reinforced Body","floor":15.0,"key":"SMITH"},{"floor":29.0,"key":"REST"},{"data":"Heatsinks","floor":32.0,"key":"SMITH"},{"floor":40.0,"key":"RECALL"},{"floor":49.0,"key":"REST"},{"floor":52.0,"key":"REST"}],"neow_cost":"NONE","seed_source_timestamp":23649336393000,"circlet_count":0,"master_deck":["Strike_B","Defend_B","Defend_B","Zap+1","Dualcast","Leap","Barrage+1","Ball Lightning","Cold Snap","Compile Driver","White Noise+1","Reboot","Reinforced Body+1","Echo Form","Heatsinks+1","Glacier+1","Aggregate+1","Streamline","Biased Cognition","White Noise+1","Compile Driver+1","Coolheaded+1","Seek+1","Defragment+1","Coolheaded+1","Defragment+1"],"special_seed":0,"relics":["Cracked Core","NeowsBlessing","Orichalcum","Mummified Hand","Juzu Bracelet","Symbiotic Virus","Nuclear Battery","Toxic Egg 2","Red Mask","Nunchaku","Molten Egg 2","Boot","Fusion Hammer","Eternal Feather","Bottled Tornado","Blood Vial","Letter Opener","HornCleat"],"potions_floor_usage":[55,55,55],"damage_taken":[{"damage":0.0,"enemies":"Cultist","floor":1.0,"turns":1.0},{"damage":0.0,"enemies":"Small Slimes","floor":3.0,"turns":1.0},{"damage":0.0,"enemies":"Jaw Worm","floor":4.0,"turns":1.0},{"damage":16.0,"enemies":"Blue Slaver","floor":5.0,"turns":3.0},{"damage":12.0,"enemies":"3 Sentries","floor":7.0,"turns":5.0},{"damage":0.0,"enemies":"Looter","floor":8.0,"turns":3.0},{"damage":0.0,"enemies":"2 Fungi Beasts","floor":11.0,"turns":3.0},{"damage":8.0,"enemies":"Gremlin Nob","floor":12.0,"turns":3.0},{"damage":18.0,"enemies":"Lagavulin","floor":14.0,"turns":6.0},{"damage":7.0,"enemies":"The Guardian","floor":16.0,"turns":13.0},{"damage":7.0,"enemies":"Chosen","floor":18.0,"turns":3.0},{"damage":13.0,"enemies":"Masked Bandits","floor":21.0,"turns":5.0},{"damage":4.0,"enemies":"Slavers","floor":23.0,"turns":3.0},{"damage":11.0,"enemies":"Shell Parasite","floor":24.0,"turns":3.0},{"damage":2.0,"enemies":"3 Cultists","floor":25.0,"turns":5.0},{"damage":15.0,"enemies":"Chosen and Byrds","floor":30.0,"turns":5.0},{"damage":0.0,"enemies":"Book of Stabbing","floor":31.0,"turns":5.0},{"damage":9.0,"enemies":"Champ","floor":33.0,"turns":8.0},{"damage":3.0,"enemies":"3 Shapes","floor":35.0,"turns":11.0},{"damage":0.0,"enemies":"Orb Walker","floor":39.0,"turns":2.0},{"damage":9.0,"enemies":"Nemesis","floor":41.0,"turns":3.0},{"damage":7.0,"enemies":"Spire Growth","floor":42.0,"turns":3.0},{"damage":0.0,"enemies":"Reptomancer","floor":46.0,"turns":3.0},{"damage":0.0,"enemies":"Sphere and 2 Shapes","floor":47.0,"turns":2.0},{"damage":51.0,"enemies":"Time Eater","floor":50.0,"turns":11.0},{"damage":0.0,"enemies":"Shield and Spear","floor":54.0,"turns":3.0},{"damage":71,"enemies":"The Heart","floor":55,"turns":8}],"seed_played":"-3762912725057999526","potions_obtained":[{"floor":3.0,"key":"FocusPotion"},{"floor":7.0,"key":"Weak Potion"},{"floor":11.0,"key":"SmokeBomb"},{"floor":14.0,"key":"Regen Potion"},{"floor":23.0,"key":"CultistPotion"},{"floor":25.0,"key":"Dexterity Potion"},{"floor":33.0,"key":"FearPotion"},{"floor":42.0,"key":"FearPotion"},{"floor":47.0,"key":"DistilledChaos"}],"is_trial":false,"path_per_floor":["M","$","M","M","M","R","E","M","T","R","M","E","R","E","R","B",null,"M","?","$","?","T","E","M","M","T","$","?","R","M","E","R","B",null,"M","?","?","$","M","R","E","M","T","$","T","E","M","?","R","B",null,"R","$","E","B"],"character_chosen":"DEFECT","basemod:card_modifiers":[null,null,null,null,null,null,null,null,null,null,null,null,null,null,null,null,null,null,null,null,null,null,null,null,null,null],"items_purchased":["Barrage","Heatsinks","Toxic Egg 2","PowerPotion","White Noise+1","Self Repair","PowerPotion"],"campfire_rested":3,"item_purchase_floors":[2,20,20,20,27,38,53],"current_hp_per_floor":[68,68,68,68,52,52,40,40,40,40,40,32,32,14,14,22,62,55,55,55,42,42,38,27,25,25,25,25,47,32,32,32,23,62,59,59,59,59,59,59,57,57,57,57,57,66,71,71,71,20,58,71,71,71,0],"gold":109,"neow_bonus":"THREE_ENEMY_KILL","is_prod":false,"is_daily":false,"chose_seed":false,"campfire_upgraded":5,"win_rate":0,"timestamp":1708269990,"path_taken":["M","?","M","M","M","R","E","M","T","R","M","E","R","E","R","BOSS","M","?","?","?","?","E","M","M","T","?","?","R","M","E","R","BOSS","M","?","?","$","M","R","E","M","T","?","?","E","M","?","R","BOSS","R","$","E","BOSS"],"build_version":"2022-12-18","purchased_purges":4,"victory":false,"max_hp_per_floor":[75,75,75,75,75,75,75,75,75,75,75,75,75,75,75,75,75,75,75,75,75,75,75,75,75,75,75,75,75,75,75,75,75,75,75,71,71,71,71,71,71,71,71,71,71,71,71,71,71,71,71,71,71,71,71],"relic_stats":{"Blood Vial":4,"Nunchaku":[21],"counters":[27,122],"Mummified Hand":[113],"Eternal Feather":13,"Juzu Bracelet":1,"Letter Opener":[125],"Orichalcum":[138],"Bottled Tornado":"Heatsinks","Boot":[39],"obtain_stats":[{"NeowsBlessing":0,"Eternal Feather":41,"Juzu Bracelet":12,"Letter Opener":46,"Orichalcum":7,"Bottled Tornado":43,"Boot":31,"Nuclear Battery":17,"Blood Vial":45,"Nunchaku":23,"HornCleat":54,"Mummified Hand":9,"Molten Egg 2":26,"Fusion Hammer":34,"Red Mask":21,"Toxic Egg 2":20,"Cracked Core":0,"Symbiotic Virus":14},{"NeowsBlessing":0,"Eternal Feather":21,"Juzu Bracelet":8,"Letter Opener":23,"Orichalcum":5,"Bottled Tornado":22,"Boot":17,"Nuclear Battery":10,"Blood Vial":22,"Nunchaku":13,"HornCleat":26,"Mummified Hand":6,"Molten Egg 2":15,"Fusion Hammer":18,"Red Mask":12,"Toxic Egg 2":11,"Cracked Core":0,"Symbiotic Virus":9},{"NeowsBlessing":0,"Eternal Feather":92,"Juzu Bracelet":20,"Letter Opener":98,"Orichalcum":11,"Bottled Tornado":95,"Boot":68,"Nuclear Battery":39,"Blood Vial":95,"Nunchaku":50,"HornCleat":114,"Mummified Hand":14,"Molten Egg 2":58,"Fusion Hammer":76,"Red Mask":47,"Toxic Egg 2":42,"Cracked Core":0,"Symbiotic Virus":26}]},"card_choices":[{"not_picked":["Rebound","Force Field"],"picked":"Leap","floor":1.0},{"not_picked":["Chaos","Beam Cell"],"picked":"Ball Lightning","floor":3.0},{"not_picked":["White Noise","Defragment"],"picked":"Cold Snap","floor":4.0},{"not_picked":["Steam","Beam Cell"],"picked":"Compile Driver","floor":5.0},{"not_picked":["Undo","Steam","Doom and Gloom"],"picked":"SKIP","floor":7.0},{"not_picked":["Stack","Cold Snap","Steam"],"picked":"SKIP","floor":8.0},{"not_picked":["Beam Cell","Hello World"],"picked":"White Noise","floor":11.0},{"not_picked":["Redo","Recycle"],"picked":"Reboot","floor":12.0},{"not_picked":["Beam Cell","Ball Lightning"],"picked":"Reinforced Body","floor":14.0},{"not_picked":["Hyperbeam","Rainbow"],"picked":"Echo Form","floor":16.0},{"not_picked":["Ball Lightning","Beam Cell","Hologram"],"picked":"SKIP","floor":18.0},{"not_picked":["Cold Snap","Go for the Eyes"],"picked":"Glacier+1","floor":21.0},{"not_picked":["Steam+1","Gash"],"picked":"Aggregate+1","floor":23.0},{"not_picked":["Rebound","Stack+1"],"picked":"Streamline","floor":24.0},{"not_picked":["Cold Snap","Redo+1"],"picked":"Biased Cognition","floor":25.0},{"not_picked":["Cold Snap+1","Conserve Battery+1"],"picked":"Compile Driver+1","floor":30.0},{"not_picked":["Darkness+1","Stack+1"],"picked":"Coolheaded+1","floor":31.0},{"not_picked":["Amplify+1","Rainbow+1"],"picked":"Seek+1","floor":33.0},{"not_picked":["Cold Snap+1","Compile Driver+1"],"picked":"Defragment+1","floor":35.0},{"not_picked":["Gash+1","Cold Snap+1","Sweeping Beam+1"],"picked":"SKIP","floor":39.0},{"not_picked":["Leap+1","Rebound+1","Redo+1"],"picked":"SKIP","floor":41.0},{"not_picked":["Loop+1","Go for the Eyes+1"],"picked":"Coolheaded+1","floor":42.0},{"not_picked":["Chill+1","Ball Lightning+1","Steam+1"],"picked":"SKIP","floor":46.0},{"not_picked":["Stack+1","Turbo+1"],"picked":"Defragment+1","floor":47.0},{"not_picked":["Ball Lightning+1","Turbo+1","Melter+1"],"picked":"SKIP","floor":54.0}],"player_experience":610975,"relics_obtained":[{"floor":7.0,"key":"Orichalcum"},{"floor":9.0,"key":"Mummified Hand"},{"floor":12.0,"key":"Juzu Bracelet"},{"floor":14.0,"key":"Symbiotic Virus"},{"floor":21.0,"key":"Red Mask"},{"floor":23.0,"key":"Nunchaku"},{"floor":26.0,"key":"Molten Egg 2"},{"floor":31.0,"key":"Boot"},{"floor":41.0,"key":"Eternal Feather"},{"floor":43.0,"key":"Bottled Tornado"},{"floor":45.0,"key":"Blood Vial"},{"floor":46.0,"key":"Letter Opener"},{"floor":54.0,"key":"HornCleat"}],"event_choices":[{"damage_healed":0.0,"max_hp_gain":0.0,"max_hp_loss":0.0,"gold_gain":100.0,"event_name":"Golden Shrine","player_choice":"Pray","floor":19.0,"gold_loss":0.0,"damage_taken":0.0},{"damage_healed":0.0,"max_hp_gain":0.0,"max_hp_loss":0.0,"gold_gain":0.0,"event_name":"Masked Bandits","player_choice":"Fought Bandits","floor":21.0,"gold_loss":0.0,"damage_taken":0.0},{"cards_removed":["Defend_B"],"damage_healed":0.0,"max_hp_gain":0.0,"max_hp_loss":0.0,"gold_gain":0.0,"event_name":"Back to Basics","player_choice":"Elegance","floor":28.0,"gold_loss":0.0,"damage_taken":0.0},{"damage_healed":0.0,"max_hp_gain":0.0,"max_hp_loss":4.0,"gold_gain":0.0,"event_name":"Winding Halls","player_choice":"Max HP","floor":36.0,"gold_loss":0.0,"damage_taken":0.0},{"damage_healed":0.0,"max_hp_gain":0.0,"max_hp_loss":0.0,"gold_gain":222.0,"event_name":"Tomb of Lord Red Mask","player_choice":"Wore Mask","floor":37.0,"gold_loss":0.0,"damage_taken":0.0},{"cards_removed":["Self Repair"],"damage_healed":0.0,"max_hp_gain":0.0,"max_hp_loss":0.0,"gold_gain":0.0,"event_name":"Falling","player_choice":"Removed Power","floor":48.0,"gold_loss":0.0,"damage_taken":0.0}],"is_beta":false,"boss_relics":[{"not_picked":["FrozenCore","Snecko Eye"],"picked":"Nuclear Battery"},{"not_picked":["Tiny House","Coffee Dripper"],"picked":"Fusion Hammer"}],"items_purged_floors":[2,38,44,53],"is_endless":false,"potions_floor_spawned":[3,7,11,14,23,25,33,42,47],"killed_by":"The Heart","ascension_level":9}