{"gold_per_floor":[114,64,64,84,84,118,17,42,68,96,114,14,14,14,14,116,116,132,142,154,0,99,99,127,127,195,195,206,222,97,117,117,220,220,233,193,193,17,17,17,49,67,67,86,97,97,97,111,111,111],"floor_reached":50,"playtime":1142,"items_purged":["Defend_B","Defend_B","Pain"],"score":904,"play_id":"31f3f125-e07e-4d5f-ae2f-f640f32353b8","local_time":"20240220010708","is_ascension_mode":true,"campfire_choices":[{"data":"Barrage","floor":13.0,"key":"SMITH"},{"floor":15.0,"key":"REST"},{"data":"Biased Cognition","floor":23.0,"key":"SMITH"},{"floor":27.0,"key":"REST"},{"data":"Heatsinks","floor":32.0,"key":"SMITH"},{"data":"Apotheosis","floor":40.0,"key":"SMITH"},{"data":"Defragment","floor":47,"key":"SMITH"},{"floor":49,"key":"RECALL"}],"neow_cost":"NONE","seed_source_timestamp":11579253567700,"circlet_count":0,"master_deck":["AscendersBane","Zap+1","Dualcast","Barrage+1","Ball Lightning","Ball Lightning","Coolheaded","Compile Driver","Cold Snap","Skim","Biased Cognition+1","Melter","Buffer","Double Energy","Heatsinks+1","Hologram+1","Coolheaded+1","BootSequence","Barrage","Chaos+1","Multi-Cast","Capacitor","Apotheosis+1","Turbo","Defragment+1","Aggregate+1","Echo Form","White Noise+1"],"special_seed":0,"relics":["Cracked Core","NeowsBlessing","Juzu Bracelet","CaptainsWheel","Nunchaku","MealTicket","WarpedTongs","Pandora\u0027s Box","Runic Capacitor","Du-Vu Doll","Mummified Hand","Inserter","Ginger"],"potions_floor_usage":[45],"damage_taken":[{"damage":0.0,"enemies":"Small Slimes","floor":1.0,"turns":1.0},{"damage":0.0,"enemies":"2 Louse","floor":4.0,"turns":1.0},{"damage":0.0,"enemies":"Gremlin Nob","floor":6.0,"turns":1.0},{"damage":23.0,"enemies":"Lagavulin","floor":8.0,"turns":6.0},{"damage":18.0,"enemies":"Gremlin Nob","floor":10.0,"turns":3.0},{"damage":0.0,"enemies":"Cultist","floor":11.0,"turns":2.0},{"damage":5.0,"enemies":"Slime Boss","floor":16.0,"turns":4.0},{"damage":26.0,"enemies":"2 Thieves","floor":18.0,"turns":3.0},{"damage":0.0,"enemies":"Spheric Guardian","floor":19.0,"turns":1.0},{"damage":15.0,"enemies":"Shelled Parasite and Fungi","floor":20.0,"turns":4.0},{"damage":23.0,"enemies":"Book of Stabbing","floor":24.0,"turns":4.0},{"damage":3.0,"enemies":"Snecko","floor":28.0,"turns":4.0},{"damage":8.0,"enemies":"3 Cultists","floor":29.0,"turns":4.0},{"damage":0.0,"enemies":"Centurion and Healer","floor":31.0,"turns":4.0},{"damage":5.0,"enemies":"Champ","floor":33.0,"turns":8.0},{"damage":6.0,"enemies":"Orb Walker","floor":35.0,"turns":3.0},{"damage":7,"enemies":"Nemesis","floor":41,"turns":7},{"damage":0,"enemies":"3 Darklings","floor":42,"turns":5},{"damage":0,"enemies":"4 Shapes","floor":44,"turns":3},{"damage":38,"enemies":"Jaw Worm Horde","floor":45,"turns":3},{"damage":25,"enemies":"Sphere and 2 Shapes","floor":48,"turns":3},{"damage":7,"enemies":"Donu and Deca","floor":50,"turns":1}],"seed_played":"-4831663125908727507","potions_obtained":[{"floor":6.0,"key":"Swift Potion"},{"floor":10.0,"key":"AttackPotion"},{"floor":11.0,"key":"EssenceOfDarkness"},{"floor":16.0,"key":"GamblersBrew"},{"floor":24.0,"key":"SteroidPotion"},{"floor":29.0,"key":"SkillPotion"},{"floor":31.0,"key":"PowerPotion"},{"floor":33.0,"key":"EssenceOfSteel"},{"floor":36.0,"key":"AttackPotion"},{"floor":36.0,"key":"FearPotion"},{"floor":36.0,"key":"CultistPotion"},{"floor":44,"key":"DistilledChaos"}],"is_trial":false,"path_per_floor":["M","?","?","M","?","E","$","E","T","E","M","$","R","?","R","B",null,"M","M","M","$","?","R","E","?","T","R","M","M","$","M","R","B",null,"M","?","?","$","$","R","E","M","T","M","M","?","R","M","R","B"],"character_chosen":"DEFECT","basemod:card_modifiers":[null,null,null,null,null,null,null,null,null,null,null,null,null,null,null,null,null,null,null,null,null,null,null,null,null,null,null,null],"items_purchased":["Coolheaded","Runic Capacitor","Apotheosis"],"campfire_rested":2,"item_purchase_floors":[7,21,38],"current_hp_per_floor":[68,68,53,53,53,53,53,30,30,12,12,27,27,27,49,44,67,41,41,26,41,41,41,18,18,18,40,37,29,44,44,44,39,66,60,60,60,75,75,75,68,68,68,68,30,30,30,5,5,0],"gold":111,"neow_bonus":"THREE_ENEMY_KILL","is_prod":false,"is_daily":false,"chose_seed":false,"campfire_upgraded":5,"win_rate":0,"timestamp":1708358828,"path_taken":["M","?","?","M","?","E","$","E","T","E","M","$","R","?","R","BOSS","M","M","M","$","?","R","E","?","T","R","M","M","$","M","R","BOSS","M","?","?","?","$","R","E","M","T","M","M","?","R","M","R","BOSS"],"build_version":"2022-12-18","purchased_purges":3,"victory":false,"max_hp_per_floor":[75,75,75,75,75,75,75,75,75,75,75,75,75,75,75,75,75,75,75,75,75,75,75,75,75,75,75,75,75,75,75,75,75,75,75,75,75,75,75,75,75,75,75,75,75,75,75,75,75,75],"relic_stats":{"Nunchaku":[12],"Inserter":[11],"counters":[22,75],"Mummified Hand":[29],"MealTicket":60,"Pandora\u0027s Box":["Melter","Buffer","Double Energy","Heatsinks"],"Juzu Bracelet":2,"Ginger":[0],"obtain_stats":[{"Inserter":34,"NeowsBlessing":0,"Juzu Bracelet":6,"Runic Capacitor":21,"Ginger":41,"WarpedTongs":14,"Du-Vu Doll":24,"CaptainsWheel":8,"Nunchaku":9,"Mummified Hand":26,"MealTicket":10,"Pandora\u0027s Box":17,"Cracked Core":0},{"Inserter":15,"NeowsBlessing":0,"Juzu Bracelet":3,"Runic Capacitor":10,"Ginger":17,"WarpedTongs":6,"Du-Vu Doll":11,"CaptainsWheel":4,"Nunchaku":4,"Mummified Hand":11,"MealTicket":5,"Pandora\u0027s Box":7,"Cracked Core":0},{"Inserter":50,"NeowsBlessing":0,"Juzu Bracelet":3,"Runic Capacitor":26,"Ginger":60,"WarpedTongs":14,"Du-Vu Doll":30,"CaptainsWheel":9,"Nunchaku":9,"Mummified Hand":30,"MealTicket":12,"Pandora\u0027s Box":18,"Cracked Core":0}],"WarpedTongs":[50]},"card_choices":[{"not_picked":["Conserve Battery","BootSequence"],"picked":"Barrage","floor":1.0},{"not_picked":["Consume","Leap"],"picked":"Ball Lightning","floor":4.0},{"not_picked":["Hologram","Melter"],"picked":"Ball Lightning","floor":6.0},{"not_picked":["Chill","Self Repair"],"picked":"Compile Driver","floor":8.0},{"not_picked":["Ball Lightning","Fusion"],"picked":"Cold Snap","floor":10.0},{"not_picked":["Cold Snap","Compile Driver"],"picked":"Skim","floor":11.0},{"not_picked":["Electrodynamics","Meteor Strike"],"picked":"Biased Cognition","floor":16.0},{"not_picked":["Force Field+1","Sweeping Beam"],"picked":"Hologram+1","floor":18.0},{"not_picked":["Melter+1","Compile Driver"],"picked":"Coolheaded+1","floor":19.0},{"not_picked":["Stack","Hologram"],"picked":"BootSequence","floor":20.0},{"not_picked":["Redo+1","Leap"],"picked":"Barrage","floor":24.0},{"not_picked":["Go for the Eyes","Sunder","Streamline"],"picked":"SKIP","floor":28.0},{"not_picked":["Lockon","Doom and Gloom"],"picked":"Chaos+1","floor":29.0},{"not_picked":["Skim","Leap","Stack"],"picked":"SKIP","floor":31.0},{"not_picked":["All For One","Hyperbeam"],"picked":"Multi-Cast","floor":33.0},{"not_picked":["Cold Snap+1","Darkness+1","Steam Power+1"],"picked":"SKIP","floor":35.0},{"not_picked":["Static Discharge+1","Sweeping Beam+1"],"picked":"Turbo","floor":41},{"not_picked":["Steam","Redo+1"],"picked":"Defragment","floor":42},{"not_picked":["Cold Snap+1","Compile Driver"],"picked":"Aggregate+1","floor":44},{"not_picked":["Beam Cell","Sunder+1"],"picked":"Echo Form","floor":45},{"not_picked":["Redo","Barrage"],"picked":"White Noise+1","floor":48}],"player_experience":615358,"relics_obtained":[{"floor":6.0,"key":"Juzu Bracelet"},{"floor":8.0,"key":"CaptainsWheel"},{"floor":9.0,"key":"Nunchaku"},{"floor":10.0,"key":"MealTicket"},{"floor":24.0,"key":"Du-Vu Doll"},{"floor":26.0,"key":"Mummified Hand"},{"floor":41,"key":"Ginger"}],"event_choices":[{"cards_removed":["Strike_B"],"damage_healed":0.0,"max_hp_gain":0.0,"max_hp_loss":0.0,"gold_gain":0.0,"event_name":"The Cleric","player_choice":"Card Removal","floor":2.0,"gold_loss":50.0,"damage_taken":0.0},{"damage_healed":0.0,"max_hp_gain":0.0,"max_hp_loss":0.0,"gold_gain":0.0,"event_name":"Shining Light","player_choice":"Entered Light","floor":3.0,"gold_loss":0.0,"damage_taken":15.0,"cards_upgraded":["Strike_B","Zap"]},{"cards_removed":["Strike_B"],"damage_healed":0.0,"max_hp_gain":0.0,"max_hp_loss":0.0,"gold_gain":0.0,"event_name":"Living Wall","player_choice":"Forget","floor":5.0,"gold_loss":0.0,"damage_taken":0.0},{"damage_healed":0.0,"max_hp_gain":0.0,"max_hp_loss":0.0,"gold_gain":0.0,"event_name":"Accursed Blacksmith","player_choice":"Rummage","floor":14.0,"gold_loss":0.0,"damage_taken":0.0,"relics_obtained":["WarpedTongs"],"cards_obtained":["Pain"]},{"damage_healed":0.0,"max_hp_gain":0.0,"max_hp_loss":0.0,"gold_gain":99.0,"event_name":"Nest","player_choice":"Stole From Cult","floor":22.0,"gold_loss":0.0,"damage_taken":0.0},{"damage_healed":0.0,"max_hp_gain":0.0,"max_hp_loss":0.0,"gold_gain":0.0,"event_name":"Cursed Tome","player_choice":"Ignored","floor":25.0,"gold_loss":0.0,"damage_taken":0.0},{"damage_healed":0.0,"max_hp_gain":0.0,"max_hp_loss":0.0,"gold_gain":0.0,"event_name":"The Woman in Blue","player_choice":"Bought 3 Potions","floor":36.0,"gold_loss":0.0,"damage_taken":0.0},{"damage_healed":0.0,"max_hp_gain":0.0,"max_hp_loss":0.0,"gold_gain":0.0,"event_name":"Match and Keep!","player_choice":"1 cards matched","floor":37.0,"gold_loss":0.0,"damage_taken":0.0,"cards_obtained":["Capacitor"]},{"damage_healed":0,"gold_gain":0,"player_choice":"Ignored","damage_taken":0,"max_hp_gain":0,"max_hp_loss":0,"event_name":"Tomb of Lord Red Mask","floor":46,"gold_loss":0}],"is_beta":false,"boss_relics":[{"not_picked":["Runic Dome","Snecko Eye"],"picked":"Pandora\u0027s Box"},{"not_picked":["Tiny House","Coffee Dripper"],"picked":"Inserter"}],"items_purged_floors":[7,12,30],"is_endless":false,"potions_floor_spawned":[6,10,11,16,24,29,31,33,44],"killed_by":"Donu and Deca","ascension_level":11}