{"gold_per_floor":[113,113,131,131,81,120,120,133,133,147,165,204,217,52,52,175,175,188,287,302,325,225,225,268,268,268,307,307,307,222,222,222,342,342,365,381,381],"floor_reached":37,"playtime":3288,"items_purged":["Strike_B","Defend_B"],"score":685,"play_id":"0ed22b94-d980-4dee-b2a6-9af4b06636b6","local_time":"20240220023125","is_ascension_mode":true,"campfire_choices":[{"data":"Streamline","floor":15.0,"key":"SMITH"},{"floor":23,"key":"REST"},{"floor":25,"key":"REST"},{"data":"Turbo","floor":28,"key":"SMITH"},{"floor":32,"key":"REST"}],"neow_cost":"NONE","seed_source_timestamp":14457027735100,"circlet_count":0,"master_deck":["AscendersBane","Strike_B","Strike_B","Defend_B","Defend_B","Defend_B","Zap","Dualcast","Streamline+1","Cold Snap","Barrage+1","Streamline+1","Turbo+1","Flash of Steel+1","Echo Form+1","Auto Shields","Compile Driver+1","BootSequence","Barrage+1","Echo Form+1","Echo Form+1","Compile Driver+1"],"special_seed":0,"relics":["Cracked Core","NeowsBlessing","Golden Idol","Molten Egg 2","Frozen Egg 2","MealTicket","Nuclear Battery","PreservedInsect","InkBottle","Happy Flower","Bronze Scales","Fusion Hammer"],"potions_floor_usage":[16,24,27,27,37],"damage_taken":[{"damage":0.0,"enemies":"Jaw Worm","floor":1.0,"turns":1.0},{"damage":0.0,"enemies":"Cultist","floor":3.0,"turns":1.0},{"damage":0.0,"enemies":"Lagavulin","floor":6.0,"turns":1.0},{"damage":1.0,"enemies":"2 Louse","floor":8.0,"turns":3.0},{"damage":8.0,"enemies":"Looter","floor":10.0,"turns":3.0},{"damage":8.0,"enemies":"3 Louse","floor":11.0,"turns":3.0},{"damage":22.0,"enemies":"3 Sentries","floor":12.0,"turns":9.0},{"damage":10.0,"enemies":"2 Fungi Beasts","floor":13.0,"turns":3.0},{"damage":18,"enemies":"Hexaghost","floor":16,"turns":8},{"damage":23,"enemies":"2 Thieves","floor":18,"turns":4},{"damage":12,"enemies":"3 Byrds","floor":20,"turns":5},{"damage":10,"enemies":"3 Cultists","floor":21,"turns":4},{"damage":34,"enemies":"Gremlin Leader","floor":24,"turns":6},{"damage":2,"enemies":"Slavers","floor":27,"turns":3},{"damage":64,"enemies":"Automaton","floor":33,"turns":8},{"damage":7,"enemies":"3 Shapes","floor":35,"turns":9},{"damage":19,"enemies":"Orb Walker","floor":36,"turns":3},{"damage":16,"enemies":"Writhing Mass","floor":37,"turns":5}],"seed_played":"7583427966971155181","potions_obtained":[{"floor":1.0,"key":"Explosive Potion"},{"floor":2.0,"key":"FearPotion"},{"floor":8.0,"key":"SkillPotion"},{"floor":20,"key":"Explosive Potion"},{"floor":21,"key":"BlessingOfTheForge"},{"floor":24,"key":"PowerPotion"},{"floor":33,"key":"SkillPotion"}],"is_trial":false,"path_per_floor":["M","?","M","?","?","E","?","M","T","M","M","E","M","$","R","B",null,"M","?","M","M","$","R","E","R","T","E","R","?","?","?","R","B",null,"M","M","M"],"character_chosen":"DEFECT","basemod:card_modifiers":[null,null,null,null,null,null,null,null,null,null,null,null,null,null,null,null,null,null,null,null,null,null],"items_purchased":["Flash of Steel+1"],"campfire_rested":3,"item_purchase_floors":[14],"current_hp_per_floor":[68,68,68,50,50,50,55,54,54,46,38,16,6,21,21,3,61,38,38,26,16,31,55,21,45,45,43,43,43,43,43,67,3,61,54,35,19],"gold":381,"neow_bonus":"THREE_ENEMY_KILL","is_prod":false,"is_daily":false,"chose_seed":false,"campfire_upgraded":2,"win_rate":0,"timestamp":1708363885,"path_taken":["M","?","?","?","?","E","?","M","T","M","M","E","M","?","R","BOSS","M","?","M","M","$","R","E","R","T","E","R","?","?","?","R","BOSS","M","M","M"],"build_version":"2022-12-18","purchased_purges":2,"victory":false,"max_hp_per_floor":[75,75,75,75,75,75,80,80,80,80,80,80,80,80,80,80,80,80,80,80,80,80,80,80,80,80,80,80,80,80,80,80,80,80,80,80,80],"relic_stats":{"Happy Flower":[8],"counters":[18,79],"Golden Idol":114,"Bronze Scales":[57],"MealTicket":30,"PreservedInsect":41,"obtain_stats":[{"NeowsBlessing":0,"Happy Flower":27,"Golden Idol":4,"Bronze Scales":30,"Molten Egg 2":6,"MealTicket":12,"PreservedInsect":24,"Fusion Hammer":34,"Frozen Egg 2":9,"Cracked Core":0,"InkBottle":26,"Nuclear Battery":17},{"NeowsBlessing":0,"Happy Flower":14,"Golden Idol":2,"Bronze Scales":14,"Molten Egg 2":3,"MealTicket":7,"PreservedInsect":13,"Fusion Hammer":15,"Frozen Egg 2":4,"Cracked Core":0,"InkBottle":13,"Nuclear Battery":9},{"NeowsBlessing":0,"Happy Flower":54,"Golden Idol":2,"Bronze Scales":54,"Molten Egg 2":3,"MealTicket":21,"PreservedInsect":51,"Fusion Hammer":62,"Frozen Egg 2":6,"Cracked Core":0,"InkBottle":51,"Nuclear Battery":32}],"InkBottle":[14]},"card_choices":[{"not_picked":["Storm","Scrape"],"picked":"Streamline","floor":1.0},{"not_picked":["Undo","BootSequence"],"picked":"Cold Snap","floor":3.0},{"not_picked":["Cold Snap+1","Loop"],"picked":"Barrage+1","floor":6.0},{"not_picked":["Go for the Eyes+1","Steam","Tempest"],"picked":"SKIP","floor":8.0},{"not_picked":["Coolheaded","Multi-Cast"],"picked":"Streamline+1","floor":10.0},{"not_picked":["Heatsinks+1","Coolheaded","White Noise"],"picked":"SKIP","floor":11.0},{"not_picked":["Redo","Gash+1"],"picked":"Turbo","floor":12.0},{"not_picked":["Streamline+1","Doom and Gloom+1","Fusion"],"picked":"SKIP","floor":13.0},{"not_picked":["Machine Learning+1","Core Surge+1"],"picked":"Echo Form+1","floor":16},{"not_picked":["Turbo","Sweeping Beam+1"],"picked":"Auto Shields","floor":18},{"not_picked":["Darkness","Heatsinks+1"],"picked":"Compile Driver+1","floor":20},{"not_picked":["Chill+1","Go for the Eyes+1"],"picked":"BootSequence","floor":21},{"not_picked":["Consume","Chaos","Stack"],"picked":"SKIP","floor":24},{"not_picked":["Stack","Reprogram+1"],"picked":"Barrage+1","floor":27},{"not_picked":["Machine Learning+1","Hyperbeam+1"],"picked":"Echo Form+1","floor":33},{"not_picked":["Cold Snap+1","Redo+1","Streamline+1"],"picked":"SKIP","floor":35},{"not_picked":["Capacitor+1","Tempest+1"],"picked":"Compile Driver+1","floor":36}],"player_experience":618012,"relics_obtained":[{"floor":6.0,"key":"Molten Egg 2"},{"floor":9.0,"key":"Frozen Egg 2"},{"floor":12.0,"key":"MealTicket"},{"floor":24,"key":"PreservedInsect"},{"floor":26,"key":"InkBottle"},{"floor":27,"key":"Happy Flower"}],"event_choices":[{"damage_healed":0.0,"max_hp_gain":0.0,"max_hp_loss":0.0,"gold_gain":0.0,"event_name":"Lab","player_choice":"Got Potions","floor":2.0,"gold_loss":0.0,"damage_taken":0.0},{"damage_healed":0.0,"max_hp_gain":0.0,"max_hp_loss":0.0,"gold_gain":0.0,"event_name":"Golden Idol","player_choice":"Take Damage","floor":4.0,"gold_loss":0.0,"damage_taken":18.0,"relics_obtained":["Golden Idol"]},{"cards_removed":["Strike_B"],"damage_healed":0.0,"max_hp_gain":0.0,"max_hp_loss":0.0,"gold_gain":0.0,"event_name":"The Cleric","player_choice":"Card Removal","floor":5.0,"gold_loss":50.0,"damage_taken":0.0},{"damage_healed":0.0,"max_hp_gain":5.0,"max_hp_loss":0.0,"gold_gain":0.0,"event_name":"Big Fish","player_choice":"Donut","floor":7.0,"gold_loss":0.0,"damage_taken":0.0},{"damage_healed":0,"gold_gain":99,"player_choice":"Stole From Cult","damage_taken":0,"max_hp_gain":0,"max_hp_loss":0,"event_name":"Nest","floor":19,"gold_loss":0},{"damage_healed":0,"gold_gain":0,"player_choice":"Ignored","damage_taken":0,"max_hp_gain":0,"max_hp_loss":0,"event_name":"Vampires","floor":29,"gold_loss":0},{"damage_healed":0,"gold_gain":0,"player_choice":"Obtained Relic","damage_taken":0,"relics_obtained":["Bronze Scales"],"max_hp_gain":0,"max_hp_loss":0,"event_name":"Addict","floor":30,"gold_loss":85},{"damage_healed":0,"gold_gain":0,"player_choice":"Copied","damage_taken":0,"max_hp_gain":0,"max_hp_loss":0,"event_name":"Duplicator","floor":31,"gold_loss":0,"cards_obtained":["Echo Form"]}],"is_beta":false,"boss_relics":[{"not_picked":["Runic Dome","Snecko Eye"],"picked":"Nuclear Battery"},{"not_picked":["SacredBark","Runic Pyramid"],"picked":"Fusion Hammer"}],"items_purged_floors":[14,22],"is_endless":false,"potions_floor_spawned":[1,6,8,20,21,24,33],"killed_by":"Writhing Mass","ascension_level":11}