{"gold_per_floor":[110,110,130,145,165,165,182,209,209,209,227,259,274,291,291,391,391,405,405,421,200,211,211,54,71,96,111,138,138],"floor_reached":29,"playtime":787,"items_purged":["Defend_B","Defend_B"],"score":430,"play_id":"fd58b5c9-111f-4cb5-8039-d31354e84b0c","local_time":"20240222002930","is_ascension_mode":true,"campfire_choices":[{"data":"Rip and Tear","floor":6.0,"key":"SMITH"},{"floor":10.0,"key":"REST"},{"data":"Beam Cell","floor":15.0,"key":"SMITH"},{"floor":23.0,"key":"REST"}],"neow_cost":"NONE","seed_source_timestamp":6567048894500,"circlet_count":0,"master_deck":["AscendersBane","Strike_B","Strike_B","Strike_B+1","Defend_B","Defend_B","Zap","Dualcast","Rip and Tear+1","Cold Snap","Cold Snap+1","Beam Cell+1","Streamline","Ball Lightning+1","Conserve Battery","Loop"],"special_seed":0,"relics":["Cracked Core","NeowsBlessing","Lizard Tail","Singing Bowl","Pantograph","SlaversCollar","Enchiridion","Membership Card","OrangePellets","Whetstone"],"potions_floor_usage":[],"damage_taken":[{"damage":0.0,"enemies":"Small Slimes","floor":1.0,"turns":1.0},{"damage":0.0,"enemies":"Cultist","floor":3.0,"turns":1.0},{"damage":0.0,"enemies":"2 Louse","floor":4.0,"turns":1.0},{"damage":4.0,"enemies":"Looter","floor":5.0,"turns":4.0},{"damage":7.0,"enemies":"Red Slaver","floor":7.0,"turns":3.0},{"damage":21.0,"enemies":"Gremlin Nob","floor":8.0,"turns":4.0},{"damage":0.0,"enemies":"2 Fungi Beasts","floor":11.0,"turns":2.0},{"damage":12.0,"enemies":"Lagavulin","floor":12.0,"turns":4.0},{"damage":0.0,"enemies":"Exordium Thugs","floor":13.0,"turns":4.0},{"damage":27.0,"enemies":"Exordium Wildlife","floor":14.0,"turns":5.0},{"damage":26.0,"enemies":"Hexaghost","floor":16.0,"turns":10.0},{"damage":25.0,"enemies":"3 Byrds","floor":18.0,"turns":5.0},{"damage":2.0,"enemies":"Spheric Guardian","floor":20.0,"turns":3.0},{"damage":9.0,"enemies":"3 Cultists","floor":22.0,"turns":5.0},{"damage":24.0,"enemies":"Centurion and Healer","floor":25.0,"turns":6.0},{"damage":16.0,"enemies":"Snake Plant","floor":27.0,"turns":4.0},{"damage":18.0,"enemies":"Book of Stabbing","floor":28.0,"turns":4.0},{"damage":48,"enemies":"Masked Bandits","floor":29,"turns":3}],"seed_played":"-7296464383236384705","potions_obtained":[{"floor":3.0,"key":"PotionOfCapacity"},{"floor":5.0,"key":"Swift Potion"},{"floor":8.0,"key":"AttackPotion"},{"floor":13.0,"key":"PowerPotion"},{"floor":14.0,"key":"DuplicationPotion"},{"floor":20.0,"key":"SpeedPotion"},{"floor":22.0,"key":"FearPotion"},{"floor":28,"key":"Swift Potion"}],"is_trial":false,"path_per_floor":["M","?","M","M","M","R","M","E","T","R","M","E","M","M","R","B",null,"M","?","M","$","M","R","$","M","T","M","E","?"],"character_chosen":"DEFECT","basemod:card_modifiers":[null,null,null,null,null,null,null,null,null,null,null,null,null,null,null,null],"items_purchased":["Membership Card","Weak Potion","OrangePellets","Loop"],"campfire_rested":2,"item_purchase_floors":[21,21,24,24],"current_hp_per_floor":[68,68,68,68,64,64,57,36,36,58,60,50,52,25,25,26,69,46,30,28,28,19,44,44,22,22,8,37,0],"gold":138,"neow_bonus":"THREE_ENEMY_KILL","is_prod":false,"is_daily":false,"chose_seed":false,"campfire_upgraded":2,"win_rate":0,"timestamp":1708529370,"path_taken":["M","?","?","M","M","R","M","E","T","R","M","E","M","M","R","BOSS","M","?","M","$","M","R","$","M","T","M","E","?"],"build_version":"2022-12-18","purchased_purges":2,"victory":false,"max_hp_per_floor":[75,75,75,75,75,75,75,75,75,75,77,79,81,81,81,83,83,85,85,85,85,85,85,85,87,87,89,91,91],"relic_stats":{"OrangePellets":[3],"Lizard Tail":44,"Singing Bowl":16,"counters":[18,69],"Pantograph":25,"Membership Card":219,"Whetstone":["Cold Snap","Strike_B"],"obtain_stats":[{"SlaversCollar":17,"OrangePellets":24,"Lizard Tail":8,"NeowsBlessing":0,"Singing Bowl":9,"Pantograph":12,"Enchiridion":19,"Membership Card":21,"Whetstone":26,"Cracked Core":0},{"SlaversCollar":11,"OrangePellets":14,"Lizard Tail":6,"NeowsBlessing":0,"Singing Bowl":6,"Pantograph":8,"Enchiridion":12,"Membership Card":13,"Whetstone":15,"Cracked Core":0},{"SlaversCollar":39,"OrangePellets":52,"Lizard Tail":14,"NeowsBlessing":0,"Singing Bowl":14,"Pantograph":20,"Enchiridion":44,"Membership Card":47,"Whetstone":58,"Cracked Core":0}]},"card_choices":[{"not_picked":["Redo","Hologram","Stack"],"picked":"SKIP","floor":1.0},{"not_picked":["Hello World","Compile Driver"],"picked":"Cold Snap","floor":3.0},{"not_picked":["Static Discharge","Blizzard"],"picked":"Cold Snap","floor":4.0},{"not_picked":["Storm","Turbo","Force Field"],"picked":"SKIP","floor":5.0},{"not_picked":["Steam","Cold Snap","Fusion"],"picked":"SKIP","floor":7.0},{"not_picked":["Reinforced Body","Meteor Strike"],"picked":"Beam Cell","floor":8.0},{"not_picked":["Blizzard","Chaos","Force Field"],"picked":"Singing Bowl","floor":11.0},{"not_picked":["Leap","Heatsinks","Cold Snap"],"picked":"Singing Bowl","floor":12.0},{"not_picked":["Scrape","Skim","Turbo"],"picked":"Singing Bowl","floor":13.0},{"not_picked":["Gash","Coolheaded"],"picked":"Streamline","floor":14.0},{"not_picked":["Creative AI","Reboot","Amplify"],"picked":"Singing Bowl","floor":16.0},{"not_picked":["Turbo","Hologram","Chaos"],"picked":"Singing Bowl","floor":18.0},{"not_picked":["Steam Power","Rebound+1"],"picked":"Ball Lightning+1","floor":20.0},{"not_picked":["Rebound+1","Aggregate"],"picked":"Conserve Battery","floor":22.0},{"not_picked":["Barrage","Steam","Blizzard"],"picked":"Singing Bowl","floor":25.0},{"not_picked":["Redo+1","Melter","Blizzard"],"picked":"Singing Bowl","floor":27.0},{"not_picked":["Rip and Tear+1","Stack","Thunder Strike"],"picked":"Singing Bowl","floor":28}],"player_experience":624388,"relics_obtained":[{"floor":8.0,"key":"Lizard Tail"},{"floor":9.0,"key":"Singing Bowl"},{"floor":12.0,"key":"Pantograph"},{"floor":19.0,"key":"Enchiridion"},{"floor":26.0,"key":"Whetstone"}],"event_choices":[{"damage_healed":0.0,"max_hp_gain":0.0,"max_hp_loss":0.0,"gold_gain":0.0,"cards_transformed":["Strike_B"],"event_name":"Transmorgrifier","player_choice":"Transformed","floor":2.0,"gold_loss":0.0,"damage_taken":0.0,"cards_obtained":["Rip and Tear"]},{"damage_healed":0.0,"max_hp_gain":0.0,"max_hp_loss":0.0,"gold_gain":0.0,"event_name":"Cursed Tome","player_choice":"Obtained Book","floor":19.0,"gold_loss":0.0,"damage_taken":16.0},{"damage_healed":0,"gold_gain":0,"player_choice":"Fought Bandits","damage_taken":0,"max_hp_gain":0,"max_hp_loss":0,"event_name":"Masked Bandits","floor":29,"gold_loss":0}],"is_beta":false,"boss_relics":[{"not_picked":["Philosopher\u0027s Stone","Ectoplasm"],"picked":"SlaversCollar"}],"items_purged_floors":[21,24],"is_endless":false,"potions_floor_spawned":[3,5,8,13,14,20,22,28],"killed_by":"Masked Bandits","ascension_level":11}