{"gold_per_floor":[115,132,149,149,149,149,190,190,190,52,70,108,146,146,146,276,276,291,314,314,332,67,67,103,103,103,103,137,137,170,170,170,289,289,307,372,705,705,201,201,228,239,239,268,268,268,284,297,297,297,297,297,114,140,140],"floor_reached":56,"playtime":2027,"items_purged":["Multi-Cast","Zap"],"score":1965,"play_id":"d892c672-7756-4a3c-9a62-694d6cd1da8b","local_time":"20240222011939","is_ascension_mode":true,"campfire_choices":[{"data":"Barrage","floor":6.0,"key":"SMITH"},{"floor":8.0,"key":"REST"},{"data":"Streamline","floor":15.0,"key":"SMITH"},{"data":"Coolheaded","floor":23.0,"key":"SMITH"},{"data":"Biased Cognition","floor":25.0,"key":"SMITH"},{"data":"Defragment","floor":27.0,"key":"SMITH"},{"floor":32.0,"key":"REST"},{"floor":40.0,"key":"REST"},{"data":"Turbo","floor":46,"key":"SMITH"},{"floor":49,"key":"RECALL"},{"data":"Ghostly","floor":52,"key":"SMITH"}],"neow_cost":"NONE","seed_source_timestamp":8184939982000,"circlet_count":0,"master_deck":["AscendersBane","Dualcast","Streamline+1","Cold Snap","Barrage+1","Sweeping Beam","Compile Driver","Biased Cognition+1","Defragment+1","Multi-Cast","Coolheaded+1","Electrodynamics","Ghostly+1","Ghostly","Ghostly","Ghostly","Ghostly","Reboot","Compile Driver+1","Echo Form+1","Beam Cell+1","Capacitor+1","Turbo+1","Self Repair","Defragment+1","Apotheosis","Defragment+1"],"special_seed":0,"relics":["Cracked Core","Boot","HornCleat","MawBank","ClockworkSouvenir","Odd Mushroom","Empty Cage","Lee\u0027s Waffle","Bag of Marbles","Ornamental Fan","Omamori","Bronze Scales","Lantern","Astrolabe","TungstenRod","Ice Cream","Frozen Egg 2","Juzu Bracelet","DataDisk"],"potions_floor_usage":[44],"damage_taken":[{"damage":3.0,"enemies":"Jaw Worm","floor":1.0,"turns":4.0},{"damage":2.0,"enemies":"2 Louse","floor":2.0,"turns":3.0},{"damage":3.0,"enemies":"Small Slimes","floor":3.0,"turns":3.0},{"damage":25.0,"enemies":"3 Sentries","floor":7.0,"turns":9.0},{"damage":1.0,"enemies":"Looter","floor":11.0,"turns":3.0},{"damage":8.0,"enemies":"Gremlin Nob","floor":12.0,"turns":4.0},{"damage":6.0,"enemies":"The Mushroom Lair","floor":13.0,"turns":3.0},{"damage":5.0,"enemies":"Hexaghost","floor":16.0,"turns":8.0},{"damage":2.0,"enemies":"3 Byrds","floor":18.0,"turns":4.0},{"damage":12.0,"enemies":"Spheric Guardian","floor":19.0,"turns":4.0},{"damage":14.0,"enemies":"Shelled Parasite and Fungi","floor":21.0,"turns":7.0},{"damage":28.0,"enemies":"Book of Stabbing","floor":24.0,"turns":6.0},{"damage":47.0,"enemies":"Slavers","floor":28.0,"turns":7.0},{"damage":5.0,"enemies":"Gremlin Leader","floor":30.0,"turns":8.0},{"damage":1.0,"enemies":"Collector","floor":33.0,"turns":6.0},{"damage":1.0,"enemies":"Orb Walker","floor":35.0,"turns":3.0},{"damage":14.0,"enemies":"2 Orb Walkers","floor":36.0,"turns":7.0},{"damage":0.0,"enemies":"Reptomancer","floor":41.0,"turns":6.0},{"damage":0.0,"enemies":"3 Shapes","floor":42.0,"turns":8.0},{"damage":6,"enemies":"Giant Head","floor":44,"turns":9},{"damage":0,"enemies":"Sphere and 2 Shapes","floor":47,"turns":5},{"damage":14,"enemies":"Writhing Mass","floor":48,"turns":7},{"damage":0,"enemies":"Time Eater","floor":50,"turns":17},{"damage":0,"enemies":"Shield and Spear","floor":54,"turns":8},{"damage":21,"enemies":"The Heart","floor":55,"turns":12}],"seed_played":"-3140430874004951551","potions_obtained":[{"floor":1.0,"key":"Strength Potion"},{"floor":11.0,"key":"Dexterity Potion"},{"floor":13.0,"key":"Block Potion"},{"floor":19.0,"key":"LiquidBronze"},{"floor":21.0,"key":"FocusPotion"},{"floor":33.0,"key":"Swift Potion"},{"floor":36.0,"key":"Energy Potion"},{"floor":47,"key":"Strength Potion"},{"floor":54,"key":"Dexterity Potion"}],"is_trial":false,"path_per_floor":["M","M","M","?","?","R","E","R","T","$","M","E","?","?","R","B",null,"M","M","?","M","$","R","E","R","T","R","E","?","E","T","R","B",null,"M","?","?","?","$","R","E","M","T","E","?","R","M","M","R","B",null,"R","$","E","B",null],"character_chosen":"DEFECT","basemod:card_modifiers":[null,null,null,null,null,null,null,null,null,null,null,null,null,null,null,null,null,null,null,null,null,null,null,null,null,null,null],"items_purchased":["ClockworkSouvenir","Coolheaded","Lee\u0027s Waffle","Ice Cream","Self Repair","Compile Driver","Apotheosis"],"campfire_rested":3,"item_purchase_floors":[10,22,22,39,39,39,53],"current_hp_per_floor":[65,63,60,42,35,35,10,32,32,32,31,23,17,17,17,12,59,57,45,45,31,82,82,54,54,54,54,7,7,2,2,14,13,34,33,19,19,19,19,31,38,41,41,41,41,41,41,34,34,41,41,41,41,41,20],"gold":140,"neow_bonus":"RANDOM_COMMON_RELIC","is_prod":false,"is_daily":false,"chose_seed":false,"campfire_upgraded":7,"win_rate":0,"timestamp":1708532379,"path_taken":["M","M","M","?","?","R","E","R","T","$","M","E","?","?","R","BOSS","M","M","?","M","$","R","E","R","T","R","E","?","E","?","R","BOSS","M","?","?","?","$","R","E","M","T","E","?","R","M","M","R","BOSS","R","$","E","BOSS"],"build_version":"2022-12-18","purchased_purges":2,"victory":true,"max_hp_per_floor":[75,75,75,75,75,75,75,75,75,75,75,75,75,75,75,75,75,75,75,75,75,82,82,82,82,82,82,82,41,41,41,41,41,41,41,41,41,41,41,41,41,41,41,41,41,41,41,41,41,41,41,41,41,41,41],"relic_stats":{"Ice Cream":[212],"Lee\u0027s Waffle":51,"counters":[25,161],"Ornamental Fan":[52],"Bronze Scales":[408],"Astrolabe":["Compile Driver","Echo Form","Beam Cell"],"Omamori":0,"Juzu Bracelet":0,"Boot":[45],"MawBank":12,"obtain_stats":[{"Ice Cream":39,"Lee\u0027s Waffle":22,"Lantern":31,"Golden Idol":4,"Astrolabe":34,"Omamori":28,"Juzu Bracelet":44,"Odd Mushroom":13,"Frozen Egg 2":41,"Boot":0,"MawBank":9,"Empty Cage":17,"ClockworkSouvenir":10,"DataDisk":54,"HornCleat":7,"Ornamental Fan":26,"Bronze Scales":30,"Bag of Marbles":24,"Cracked Core":0,"TungstenRod":36},{"Ice Cream":17,"Lee\u0027s Waffle":11,"Lantern":14,"Golden Idol":3,"Astrolabe":15,"Omamori":13,"Juzu Bracelet":20,"Odd Mushroom":7,"Frozen Egg 2":18,"Boot":0,"MawBank":4,"Empty Cage":8,"ClockworkSouvenir":4,"DataDisk":24,"HornCleat":4,"Ornamental Fan":12,"Bronze Scales":14,"Bag of Marbles":12,"Cracked Core":0,"TungstenRod":17},{"Ice Cream":89,"Lee\u0027s Waffle":52,"Lantern":73,"Golden Idol":10,"Astrolabe":79,"Omamori":65,"Juzu Bracelet":112,"Odd Mushroom":29,"Frozen Egg 2":95,"Boot":0,"MawBank":19,"Empty Cage":37,"ClockworkSouvenir":19,"DataDisk":149,"HornCleat":19,"Ornamental Fan":58,"Bronze Scales":73,"Bag of Marbles":58,"Cracked Core":0,"TungstenRod":89}],"TungstenRod":52},"card_choices":[{"not_picked":["Genetic Algorithm","Steam Power"],"picked":"Streamline","floor":1.0},{"not_picked":["Aggregate","Beam Cell"],"picked":"Cold Snap","floor":2.0},{"not_picked":["Turbo","Coolheaded"],"picked":"Barrage","floor":3.0},{"not_picked":["Go for the Eyes","Chill"],"picked":"Sweeping Beam","floor":7.0},{"not_picked":["Cold Snap","Leap"],"picked":"Compile Driver","floor":11.0},{"not_picked":["White Noise","Leap","Sweeping Beam"],"picked":"SKIP","floor":12.0},{"not_picked":["Electrodynamics","Machine Learning"],"picked":"Biased Cognition","floor":16.0},{"not_picked":["Beam Cell+1","Aggregate"],"picked":"Defragment","floor":18.0},{"not_picked":["Stack","Doom and Gloom+1","Rebound"],"picked":"SKIP","floor":19.0},{"not_picked":["Barrage+1","Steam","Gash"],"picked":"SKIP","floor":21.0},{"not_picked":["Reprogram","Steam","Streamline"],"picked":"SKIP","floor":24.0},{"not_picked":["Stack","Genetic Algorithm"],"picked":"Electrodynamics","floor":28.0},{"not_picked":["Beam Cell+1","Cold Snap","Electrodynamics"],"picked":"SKIP","floor":30.0},{"not_picked":["Multi-Cast","Amplify"],"picked":"Reboot","floor":33.0},{"not_picked":["Double Energy+1","Coolheaded"],"picked":"Capacitor+1","floor":35.0},{"not_picked":["Stack","Ball Lightning+1"],"picked":"Turbo","floor":36.0},{"not_picked":["Redo+1","Undo+1","Rebound+1"],"picked":"SKIP","floor":41.0},{"not_picked":["Gash","Rainbow","Double Energy"],"picked":"SKIP","floor":42.0},{"not_picked":["Barrage","Conserve Battery+1","Sweeping Beam"],"picked":"SKIP","floor":44},{"not_picked":["Conserve Battery","Compile Driver","Streamline"],"picked":"SKIP","floor":47},{"not_picked":["Doom and Gloom","Beam Cell"],"picked":"Defragment+1","floor":48},{"not_picked":["Auto Shields+1","Beam Cell+1"],"picked":"Defragment+1","floor":54}],"player_experience":625874,"relics_obtained":[{"floor":7.0,"key":"HornCleat"},{"floor":9.0,"key":"MawBank"},{"floor":13.0,"key":"Odd Mushroom"},{"floor":24.0,"key":"Bag of Marbles"},{"floor":26.0,"key":"Ornamental Fan"},{"floor":28.0,"key":"Omamori"},{"floor":30.0,"key":"Bronze Scales"},{"floor":31.0,"key":"Lantern"},{"floor":36.0,"key":"TungstenRod"},{"floor":41.0,"key":"Frozen Egg 2"},{"floor":44,"key":"Juzu Bracelet"},{"floor":54,"key":"DataDisk"}],"event_choices":[{"damage_healed":0.0,"max_hp_gain":0.0,"max_hp_loss":0.0,"gold_gain":0.0,"event_name":"Golden Idol","player_choice":"Take Damage","floor":4.0,"gold_loss":0.0,"damage_taken":18.0,"relics_obtained":["Golden Idol"]},{"cards_removed":["Strike_B"],"damage_healed":0.0,"max_hp_gain":0.0,"max_hp_loss":0.0,"gold_gain":0.0,"event_name":"Golden Wing","player_choice":"Card Removal","floor":5.0,"gold_loss":0.0,"damage_taken":7.0},{"damage_healed":0.0,"max_hp_gain":0.0,"max_hp_loss":0.0,"gold_gain":0.0,"event_name":"Mushrooms","player_choice":"Fought Mushrooms","floor":13.0,"gold_loss":0.0,"damage_taken":0.0},{"damage_healed":0.0,"max_hp_gain":0.0,"max_hp_loss":0.0,"gold_gain":0.0,"event_name":"Scrap Ooze","player_choice":"Fled","floor":14.0,"gold_loss":0.0,"damage_taken":0.0},{"damage_healed":0.0,"max_hp_gain":0.0,"max_hp_loss":0.0,"gold_gain":0.0,"cards_transformed":["Strike_B","Defend_B"],"event_name":"Drug Dealer","player_choice":"Became Test Subject","floor":20.0,"gold_loss":0.0,"damage_taken":0.0,"cards_obtained":["Multi-Cast","Multi-Cast"]},{"damage_healed":0.0,"max_hp_gain":0.0,"max_hp_loss":41.0,"gold_gain":0.0,"event_name":"Ghosts","player_choice":"Became a Ghost","floor":29.0,"gold_loss":0.0,"damage_taken":0.0,"cards_obtained":["Ghostly","Ghostly","Ghostly","Ghostly","Ghostly"]},{"damage_healed":0.0,"max_hp_gain":0.0,"max_hp_loss":0.0,"gold_gain":0.0,"event_name":"Mysterious Sphere","player_choice":"Fight","floor":36.0,"gold_loss":0.0,"damage_taken":0.0},{"damage_healed":0.0,"max_hp_gain":0.0,"max_hp_loss":0.0,"gold_gain":333.0,"event_name":"The Moai Head","player_choice":"Gave Idol","floor":37.0,"relics_lost":["Golden Idol"],"gold_loss":0.0,"damage_taken":0.0},{"damage_healed":0.0,"max_hp_gain":0.0,"max_hp_loss":0.0,"gold_gain":0.0,"event_name":"Tomb of Lord Red Mask","player_choice":"Ignored","floor":38.0,"gold_loss":0.0,"damage_taken":0.0},{"cards_removed":["Compile Driver"],"damage_healed":0,"gold_gain":0,"player_choice":"Removed Attack","damage_taken":0,"max_hp_gain":0,"max_hp_loss":0,"event_name":"Falling","floor":45,"gold_loss":0}],"is_beta":false,"boss_relics":[{"not_picked":["Philosopher\u0027s Stone","Coffee Dripper"],"picked":"Empty Cage"},{"not_picked":["Fusion Hammer","Velvet Choker"],"picked":"Astrolabe"}],"items_purged_floors":[22,39],"is_endless":false,"potions_floor_spawned":[1,11,13,19,21,33,36,47,54],"ascension_level":11}