{"gold_per_floor":[111,111,121,135,145,145,159,159,159,191,202,229,229],"floor_reached":13,"playtime":293,"items_purged":[],"score":135,"play_id":"1b318764-a815-4bbc-b916-f4af3b6dc3f0","local_time":"20240222001038","is_ascension_mode":true,"campfire_choices":[{"data":"Zap","floor":6.0,"key":"SMITH"},{"data":"Dualcast","floor":8.0,"key":"SMITH"}],"neow_cost":"NONE","seed_source_timestamp":5982059261700,"circlet_count":0,"master_deck":["AscendersBane","Strike_B","Strike_B","Strike_B","Strike_B","Defend_B","Defend_B","Defend_B","Defend_B","Zap+1","Dualcast+1","FTL","Cold Snap","Cold Snap","Lockon"],"special_seed":0,"relics":["SlaversCollar","Kunai","CaptainsWheel","Omamori"],"potions_floor_usage":[10],"damage_taken":[{"damage":8.0,"enemies":"Small Slimes","floor":1.0,"turns":4.0},{"damage":4.0,"enemies":"Jaw Worm","floor":3.0,"turns":7.0},{"damage":0.0,"enemies":"2 Louse","floor":4.0,"turns":4.0},{"damage":11.0,"enemies":"Large Slime","floor":5.0,"turns":7.0},{"damage":7.0,"enemies":"Blue Slaver","floor":7.0,"turns":4.0},{"damage":24,"enemies":"Gremlin Nob","floor":10,"turns":4},{"damage":5,"enemies":"2 Fungi Beasts","floor":11,"turns":4},{"damage":0,"enemies":"Exordium Wildlife","floor":13,"turns":1}],"seed_played":"-1071080597460098252","potions_obtained":[{"floor":1.0,"key":"FearPotion"},{"floor":3.0,"key":"PotionOfCapacity"},{"floor":7.0,"key":"LiquidBronze"}],"is_trial":false,"path_per_floor":["M","?","M","M","M","R","M","R","T","E","M","T","M"],"character_chosen":"DEFECT","basemod:card_modifiers":[null,null,null,null,null,null,null,null,null,null,null,null,null,null,null],"items_purchased":[],"campfire_rested":0,"item_purchase_floors":[],"current_hp_per_floor":[60,60,56,56,45,45,38,38,38,14,9,9,9],"gold":229,"neow_bonus":"BOSS_RELIC","is_prod":false,"is_daily":false,"chose_seed":false,"campfire_upgraded":2,"win_rate":0,"timestamp":1708528238,"path_taken":["M","?","M","M","M","R","M","R","T","E","M","?","M"],"build_version":"2022-12-18","purchased_purges":0,"victory":false,"max_hp_per_floor":[75,75,75,75,75,75,75,75,75,75,75,75,75],"relic_stats":{"counters":[8,35],"Omamori":0,"Kunai":[2],"obtain_stats":[{"SlaversCollar":0,"CaptainsWheel":10,"Omamori":12,"Kunai":9,"Cracked Core":0},{"SlaversCollar":0,"CaptainsWheel":6,"Omamori":7,"Kunai":5,"Cracked Core":0},{"SlaversCollar":0,"CaptainsWheel":30,"Omamori":34,"Kunai":26,"Cracked Core":0}]},"card_choices":[{"not_picked":["Defragment","Steam","Aggregate"],"picked":"SKIP","floor":1.0},{"not_picked":["Coolheaded","Beam Cell"],"picked":"FTL","floor":3.0},{"not_picked":["Coolheaded","Heatsinks"],"picked":"Cold Snap","floor":4.0},{"not_picked":["Blizzard","Gash","Hologram"],"picked":"SKIP","floor":5.0},{"not_picked":["Fusion","Amplify"],"picked":"Cold Snap","floor":7.0},{"not_picked":["Force Field","Steam Power","Static Discharge"],"picked":"SKIP","floor":10},{"not_picked":["Redo","Blizzard"],"picked":"Lockon","floor":11}],"player_experience":623826,"relics_obtained":[{"floor":9.0,"key":"Kunai"},{"floor":10,"key":"CaptainsWheel"},{"floor":12,"key":"Omamori"}],"event_choices":[{"damage_healed":0.0,"max_hp_gain":0.0,"max_hp_loss":0.0,"gold_gain":0.0,"event_name":"Liars Game","player_choice":"Ignored","floor":2.0,"gold_loss":0.0,"damage_taken":0.0}],"is_beta":false,"boss_relics":[],"items_purged_floors":[],"is_endless":false,"potions_floor_spawned":[1,3,7],"killed_by":"Exordium Wildlife","ascension_level":11}