{"gold_per_floor":[111,122,133,114,64,64,64,102,102,102,122,141,141],"floor_reached":13,"playtime":306,"items_purged":[],"score":135,"play_id":"74c2da6a-12e7-4363-a57d-e8068b8d1e28","local_time":"20240220004731","is_ascension_mode":true,"campfire_choices":[{"floor":6.0,"key":"REST"},{"floor":10,"key":"REST"}],"neow_cost":"PERCENT_DAMAGE","seed_source_timestamp":11259522322400,"circlet_count":0,"master_deck":["AscendersBane","Strike_B","Strike_B","Strike_B","Defend_B","Defend_B","Zap","Dualcast","Capacitor","Coolheaded","Rip and Tear","Genetic Algorithm","Sweeping Beam","Doom and Gloom"],"special_seed":0,"relics":["Cracked Core","CeramicFish"],"potions_floor_usage":[],"damage_taken":[{"damage":7.0,"enemies":"Jaw Worm","floor":1.0,"turns":3.0},{"damage":7.0,"enemies":"Small Slimes","floor":2.0,"turns":4.0},{"damage":9.0,"enemies":"2 Louse","floor":3.0,"turns":3.0},{"damage":13.0,"enemies":"Exordium Thugs","floor":4.0,"turns":4.0},{"damage":23.0,"enemies":"Gremlin Nob","floor":8.0,"turns":4.0},{"damage":18,"enemies":"Exordium Wildlife","floor":11,"turns":5},{"damage":10,"enemies":"Looter","floor":12,"turns":4},{"damage":6,"enemies":"2 Fungi Beasts","floor":13,"turns":2}],"seed_played":"-6933469347236097847","potions_obtained":[{"floor":1.0,"key":"PotionOfCapacity"},{"floor":3.0,"key":"SpeedPotion"},{"floor":11,"key":"Strength Potion"},{"floor":12,"key":"FocusPotion"}],"is_trial":false,"path_per_floor":["M","M","M","M","?","R","?","E","T","R","M","M","M"],"character_chosen":"DEFECT","basemod:card_modifiers":[null,null,null,null,null,null,null,null,null,null,null,null,null,null],"items_purchased":[],"campfire_rested":2,"item_purchase_floors":[],"current_hp_per_floor":[43,36,27,14,14,36,36,13,13,35,17,7,1],"gold":141,"neow_bonus":"REMOVE_TWO","is_prod":false,"is_daily":false,"chose_seed":false,"campfire_upgraded":0,"win_rate":0,"timestamp":1708357651,"path_taken":["M","M","M","M","?","R","?","E","T","R","M","M","?"],"build_version":"2022-12-18","purchased_purges":0,"victory":false,"max_hp_per_floor":[75,75,75,75,75,75,75,75,75,75,75,75,75],"relic_stats":{"counters":[8,29],"CeramicFish":27,"obtain_stats":[{"CeramicFish":8,"Cracked Core":0},{"CeramicFish":5,"Cracked Core":0},{"CeramicFish":18,"Cracked Core":0}]},"card_choices":[{"not_picked":["Redo","Storm"],"picked":"Capacitor","floor":1.0},{"not_picked":["Scrape","Go for the Eyes","Leap"],"picked":"SKIP","floor":2.0},{"not_picked":["Force Field","Beam Cell"],"picked":"Coolheaded","floor":3.0},{"not_picked":["Stack","Streamline"],"picked":"Rip and Tear","floor":4.0},{"not_picked":["Steam Power","Multi-Cast"],"picked":"Genetic Algorithm","floor":8.0},{"not_picked":["Stack","White Noise"],"picked":"Sweeping Beam","floor":11},{"not_picked":["Conserve Battery","Coolheaded"],"picked":"Doom and Gloom","floor":12}],"player_experience":615052,"relics_obtained":[{"floor":8.0,"key":"CeramicFish"}],"event_choices":[{"cards_removed":["Defend_B"],"damage_healed":0.0,"max_hp_gain":0.0,"max_hp_loss":0.0,"gold_gain":0.0,"event_name":"The Cleric","player_choice":"Card Removal","floor":5.0,"gold_loss":50.0,"damage_taken":0.0},{"damage_healed":0.0,"max_hp_gain":0.0,"max_hp_loss":0.0,"gold_gain":0.0,"event_name":"Shining Light","player_choice":"Ignored","floor":7.0,"gold_loss":0.0,"damage_taken":0.0}],"is_beta":false,"boss_relics":[],"items_purged_floors":[],"is_endless":false,"potions_floor_spawned":[1,3,11,12],"killed_by":"2 Fungi Beasts","ascension_level":11}