{"gold_per_floor":[112,132,132,146,246,274,289,289,362,382,382],"floor_reached":11,"playtime":171,"items_purged":[],"score":109,"play_id":"3b80797c-82f7-4ce3-a7cb-0e36df5ac34e","local_time":"20240220025158","is_ascension_mode":true,"campfire_choices":[{"data":"Eruption","floor":8,"key":"SMITH"}],"neow_cost":"NONE","seed_source_timestamp":18868810552000,"circlet_count":0,"master_deck":["Strike_P","Strike_P","Strike_P","Strike_P","Defend_P","Defend_P","Defend_P","Defend_P","Eruption+1","Vigilance","InnerPeace","CrushJoints","WheelKick","CarveReality"],"relics":["PureWater","NeowsBlessing","Incense Burner","Orichalcum","Kunai"],"potions_floor_usage":[6],"damage_taken":[{"damage":0,"enemies":"Jaw Worm","floor":1,"turns":1},{"damage":0,"enemies":"Cultist","floor":2,"turns":1},{"damage":0,"enemies":"Small Slimes","floor":4,"turns":1},{"damage":18,"enemies":"Gremlin Nob","floor":6,"turns":3},{"damage":7,"enemies":"Exordium Wildlife","floor":7,"turns":4},{"damage":14,"enemies":"Lots of Slimes","floor":10,"turns":5},{"damage":0,"enemies":"Gremlin Gang","floor":11,"turns":1}],"seed_played":"-406150427967651695","potions_obtained":[{"floor":2,"key":"SteroidPotion"},{"floor":6,"key":"SteroidPotion"}],"is_trial":false,"path_per_floor":["M","M","?","M","?","E","M","R","T","M","M"],"character_chosen":"WATCHER","basemod:card_modifiers":[null,null,null,null,null,null,null,null,null,null,null,null,null,null],"items_purchased":[],"campfire_rested":0,"item_purchase_floors":[],"current_hp_per_floor":[65,65,40,40,40,22,15,15,15,1,1],"gold":382,"neow_bonus":"THREE_ENEMY_KILL","is_prod":false,"is_daily":false,"chose_seed":false,"campfire_upgraded":1,"win_rate":0,"timestamp":1708365118,"path_taken":["M","M","?","M","?","E","M","R","T","?","M"],"build_version":"2022-12-18","purchased_purges":0,"victory":false,"max_hp_per_floor":[72,72,72,72,72,72,72,72,72,72,72],"relic_stats":{"counters":[7,16],"Kunai":[1],"PureWater":[3],"Orichalcum":[18],"obtain_stats":[{"NeowsBlessing":0,"Incense Burner":3,"Kunai":9,"PureWater":0,"Orichalcum":6},{"NeowsBlessing":0,"Incense Burner":2,"Kunai":5,"PureWater":0,"Orichalcum":4},{"NeowsBlessing":0,"Incense Burner":2,"Kunai":10,"PureWater":0,"Orichalcum":6}]},"card_choices":[{"not_picked":["Halt","Crescendo"],"picked":"InnerPeace","floor":1},{"not_picked":["Halt","Prostrate"],"picked":"CrushJoints","floor":2},{"not_picked":["Halt","ForeignInfluence"],"picked":"WheelKick","floor":4},{"not_picked":["FollowUp","Crescendo"],"picked":"CarveReality","floor":6},{"not_picked":["FlurryOfBlows","Evaluate","ThirdEye"],"picked":"SKIP","floor":7},{"not_picked":["Evaluate","ReachHeaven","Establishment"],"picked":"SKIP","floor":10}],"player_experience":622157,"relics_obtained":[{"floor":6,"key":"Orichalcum"},{"floor":9,"key":"Kunai"}],"event_choices":[{"damage_healed":0,"gold_gain":0,"player_choice":"Success","damage_taken":25,"relics_obtained":["Incense Burner"],"max_hp_gain":0,"max_hp_loss":0,"event_name":"Scrap Ooze","floor":3,"gold_loss":0},{"damage_healed":0,"gold_gain":100,"player_choice":"Pray","damage_taken":0,"max_hp_gain":0,"max_hp_loss":0,"event_name":"Golden Shrine","floor":5,"gold_loss":0}],"is_beta":false,"boss_relics":[],"items_purged_floors":[],"is_endless":false,"potions_floor_spawned":[2,6],"killed_by":"Gremlin Gang","ascension_level":9}