{"gold_per_floor":[118,118,118,136,86,117,117,143,166,184,210,230,243,262,262,367,367,378,378,378,393,403,403,419,449,449,480,499,195,226,236,236,334,334,344,363,373,392,392,392,410,437,437,470,481,511,216,236,236,236,236,236,59,88,88],"floor_reached":56,"playtime":2170,"items_purged":["Defend_B","Defend_B","Strike_B"],"score":2045,"play_id":"17120add-d101-438d-a2a7-b98cb38d3892","local_time":"20240219010358","is_ascension_mode":true,"campfire_choices":[{"data":"Barrage","floor":7.0,"key":"SMITH"},{"floor":15.0,"key":"REST"},{"data":"Coolheaded","floor":23.0,"key":"SMITH"},{"data":"Coolheaded","floor":32.0,"key":"SMITH"},{"data":"Recycle","floor":40.0,"key":"SMITH"},{"floor":49,"key":"RECALL"},{"data":"Capacitor","floor":52,"key":"SMITH"}],"neow_cost":"NONE","seed_source_timestamp":25865835933900,"circlet_count":0,"master_deck":["AscendersBane","Strike_B","Strike_B","Zap","Dualcast","Coolheaded+1","Barrage+1","Streamline","Barrage","Coolheaded+1","Conserve Battery+1","Ghostly","Ghostly+1","Ghostly+1","Ghostly","Ghostly","Ball Lightning+1","Capacitor+1","Heatsinks","Compile Driver","Beam Cell+1","Recycle+1","Doom and Gloom","Capacitor+1","Self Repair+1","Coolheaded+1","Hologram+1","Turbo"],"special_seed":0,"relics":["Cracked Core","NeowsBlessing","Singing Bowl","DataDisk","Omamori","Pen Nib","Dream Catcher","Coffee Dripper","Ancient Tea Set","Question Card","Bag of Preparation","Vajra","Blood Vial","Runic Pyramid","Turnip","Orichalcum","War Paint","ClockworkSouvenir","Oddly Smooth Stone"],"potions_floor_usage":[45,53,55,55],"damage_taken":[{"damage":0.0,"enemies":"Jaw Worm","floor":1.0,"turns":1.0},{"damage":0.0,"enemies":"Small Slimes","floor":4.0,"turns":1.0},{"damage":0.0,"enemies":"Lagavulin","floor":6.0,"turns":1.0},{"damage":0.0,"enemies":"2 Louse","floor":10.0,"turns":3.0},{"damage":13.0,"enemies":"Gremlin Nob","floor":11.0,"turns":3.0},{"damage":9.0,"enemies":"2 Fungi Beasts","floor":12.0,"turns":2.0},{"damage":17.0,"enemies":"Large Slime","floor":13.0,"turns":6.0},{"damage":4.0,"enemies":"Exordium Wildlife","floor":14.0,"turns":5.0},{"damage":17.0,"enemies":"The Guardian","floor":16.0,"turns":13.0},{"damage":0.0,"enemies":"Spheric Guardian","floor":18.0,"turns":3.0},{"damage":1.0,"enemies":"Shell Parasite","floor":21.0,"turns":6.0},{"damage":0.0,"enemies":"Snake Plant","floor":22.0,"turns":7.0},{"damage":0.0,"enemies":"Sentry and Sphere","floor":24.0,"turns":6.0},{"damage":0.0,"enemies":"Book of Stabbing","floor":25.0,"turns":6.0},{"damage":3.0,"enemies":"Slavers","floor":27.0,"turns":7.0},{"damage":9.0,"enemies":"Shelled Parasite and Fungi","floor":28.0,"turns":7.0},{"damage":1.0,"enemies":"Gremlin Leader","floor":30.0,"turns":6.0},{"damage":0.0,"enemies":"Centurion and Healer","floor":31.0,"turns":5.0},{"damage":19.0,"enemies":"Collector","floor":33.0,"turns":8.0},{"damage":0.0,"enemies":"Orb Walker","floor":35.0,"turns":4.0},{"damage":0.0,"enemies":"3 Darklings","floor":36.0,"turns":5.0},{"damage":1.0,"enemies":"Spire Growth","floor":37.0,"turns":4.0},{"damage":6.0,"enemies":"Writhing Mass","floor":38.0,"turns":8.0},{"damage":0.0,"enemies":"3 Darklings","floor":41.0,"turns":4.0},{"damage":0.0,"enemies":"Nemesis","floor":42.0,"turns":5.0},{"damage":0,"enemies":"Reptomancer","floor":44,"turns":6},{"damage":0,"enemies":"Spire Growth","floor":45,"turns":3},{"damage":2,"enemies":"Giant Head","floor":46,"turns":7},{"damage":0,"enemies":"Transient","floor":48,"turns":5},{"damage":11,"enemies":"Donu and Deca","floor":50,"turns":9},{"damage":0,"enemies":"Shield and Spear","floor":54,"turns":6},{"damage":38,"enemies":"The Heart","floor":55,"turns":9}],"seed_played":"-5442911961054668429","potions_obtained":[{"floor":4.0,"key":"DistilledChaos"},{"floor":10.0,"key":"Weak Potion"},{"floor":11.0,"key":"AttackPotion"},{"floor":14.0,"key":"FearPotion"},{"floor":18.0,"key":"Swift Potion"},{"floor":22.0,"key":"FairyPotion"},{"floor":27.0,"key":"SmokeBomb"},{"floor":28.0,"key":"Strength Potion"},{"floor":30.0,"key":"DistilledChaos"},{"floor":36.0,"key":"LiquidBronze"},{"floor":46,"key":"Energy Potion"},{"floor":48,"key":"Fruit Juice"}],"is_trial":false,"path_per_floor":["M","?","?","M","?","E","R","T","T","M","E","M","M","M","R","B",null,"M","?","?","M","M","R","M","E","T","E","M","$","E","M","R","B",null,"M","M","M","M","?","R","M","E","T","E","M","E","$","M","R","B",null,"R","$","E","B",null],"character_chosen":"DEFECT","basemod:card_modifiers":[null,null,null,null,null,null,null,null,null,null,null,null,null,null,null,null,null,null,null,null,null,null,null,null,null,null,null,null],"items_purchased":["Capacitor","Vajra","Turbo","ClockworkSouvenir","PowerPotion"],"campfire_rested":1,"item_purchase_floors":[29,29,47,47,53],"current_hp_per_floor":[68,50,50,50,50,50,50,50,50,50,37,30,15,13,39,24,70,70,70,42,43,45,45,45,47,47,46,39,39,38,40,40,25,47,49,51,52,50,50,50,52,53,53,55,55,55,55,57,57,56,57,57,62,64,36],"gold":88,"neow_bonus":"THREE_ENEMY_KILL","is_prod":false,"is_daily":false,"chose_seed":false,"campfire_upgraded":5,"win_rate":0,"timestamp":1708272238,"path_taken":["M","?","?","M","?","E","R","?","T","M","E","M","M","M","R","BOSS","M","?","?","?","?","R","M","E","T","E","M","$","E","M","R","BOSS","M","M","M","M","?","R","M","E","T","E","M","E","$","M","R","BOSS","R","$","E","BOSS"],"build_version":"2022-12-18","purchased_purges":3,"victory":true,"max_hp_per_floor":[75,75,75,75,75,75,75,75,75,75,75,77,79,81,83,85,85,85,85,42,44,46,46,46,48,48,50,52,52,52,52,52,54,54,54,54,54,56,53,53,53,53,53,55,55,55,55,57,57,57,57,57,62,64,64],"relic_stats":{"Singing Bowl":30,"counters":[32,171],"Pen Nib":[26],"Omamori":0,"Bag of Preparation":[34],"Orichalcum":[108],"War Paint":["Ghostly","Ghostly"],"Ancient Tea Set":[8],"Question Card":16,"Blood Vial":15,"Dream Catcher":1,"Turnip":[2],"obtain_stats":[{"NeowsBlessing":0,"Singing Bowl":2,"Vajra":29,"Oddly Smooth Stone":54,"Pen Nib":9,"Omamori":8,"Bag of Preparation":27,"Orichalcum":44,"War Paint":46,"Ancient Tea Set":25,"Question Card":26,"ClockworkSouvenir":47,"Blood Vial":30,"DataDisk":6,"Dream Catcher":11,"Turnip":42,"Coffee Dripper":17,"Cracked Core":0,"Runic Pyramid":34},{"NeowsBlessing":0,"Singing Bowl":1,"Vajra":16,"Oddly Smooth Stone":31,"Pen Nib":3,"Omamori":3,"Bag of Preparation":15,"Orichalcum":26,"War Paint":28,"Ancient Tea Set":14,"Question Card":14,"ClockworkSouvenir":28,"Blood Vial":17,"DataDisk":3,"Dream Catcher":5,"Turnip":25,"Coffee Dripper":9,"Cracked Core":0,"Runic Pyramid":19},{"NeowsBlessing":0,"Singing Bowl":1,"Vajra":77,"Oddly Smooth Stone":162,"Pen Nib":3,"Omamori":3,"Bag of Preparation":70,"Orichalcum":132,"War Paint":142,"Ancient Tea Set":63,"Question Card":63,"ClockworkSouvenir":142,"Blood Vial":83,"DataDisk":3,"Dream Catcher":9,"Turnip":126,"Coffee Dripper":35,"Cracked Core":0,"Runic Pyramid":96}]},"card_choices":[{"not_picked":["Stack","Hello World"],"picked":"Coolheaded","floor":1.0},{"not_picked":["Sweeping Beam","Conserve Battery"],"picked":"Barrage","floor":4.0},{"not_picked":["Amplify","Consume"],"picked":"Streamline","floor":6.0},{"not_picked":["Loop","Tempest"],"picked":"Barrage","floor":10.0},{"not_picked":["Go for the Eyes","Leap"],"picked":"Coolheaded","floor":11.0},{"not_picked":["FTL","Blizzard","Hello World"],"picked":"Singing Bowl","floor":12.0},{"not_picked":["Hologram","Compile Driver","Tempest"],"picked":"Singing Bowl","floor":13.0},{"not_picked":["Ball Lightning","Turbo","Go for the Eyes"],"picked":"Singing Bowl","floor":14.0},{"not_picked":["Scrape","Steam","Beam Cell"],"picked":"Singing Bowl","floor":15.0},{"not_picked":["Fission","All For One","Thunder Strike"],"picked":"Singing Bowl","floor":16.0},{"not_picked":["Cold Snap+1","Darkness"],"picked":"Conserve Battery+1","floor":18.0},{"not_picked":["Barrage+1","Double Energy+1","Rebound"],"picked":"Singing Bowl","floor":21.0},{"not_picked":["Beam Cell","Go for the Eyes","Coolheaded"],"picked":"Singing Bowl","floor":22.0},{"not_picked":["Sweeping Beam","FTL+1"],"picked":"Ball Lightning+1","floor":24.0},{"not_picked":["Barrage","Darkness","Buffer"],"picked":"Singing Bowl","floor":25.0},{"not_picked":["Aggregate","Beam Cell","Conserve Battery","Turbo"],"picked":"Singing Bowl","floor":27.0},{"not_picked":["Hello World","Barrage","Redo","Consume"],"picked":"Singing Bowl","floor":28.0},{"not_picked":["Turbo+1","Conserve Battery","Steam"],"picked":"Heatsinks","floor":30.0},{"not_picked":["Fusion","Amplify","Streamline+1"],"picked":"Compile Driver","floor":31.0},{"not_picked":["Thunder Strike","Meteor Strike","Fission","Machine Learning"],"picked":"Singing Bowl","floor":33.0},{"not_picked":["Gash","Coolheaded","Stack+1"],"picked":"Beam Cell+1","floor":35.0},{"not_picked":["Tempest","Barrage+1","Storm"],"picked":"Recycle","floor":36.0},{"not_picked":["Consume+1","Conserve Battery+1","Barrage"],"picked":"Doom and Gloom","floor":37.0},{"not_picked":["Static Discharge+1","Steam","Amplify","Hologram+1"],"picked":"Singing Bowl","floor":38.0},{"not_picked":["Compile Driver+1","Turbo","Double Energy"],"picked":"Capacitor+1","floor":41.0},{"not_picked":["Coolheaded","Reboot","Hologram"],"picked":"Self Repair+1","floor":42.0},{"not_picked":["Cold Snap+1","Gash","Darkness+1","Reprogram+1"],"picked":"Singing Bowl","floor":44},{"not_picked":["Blizzard","Doom and Gloom","Conserve Battery"],"picked":"Coolheaded+1","floor":45},{"not_picked":["Steam+1","Stack+1","Leap+1"],"picked":"Hologram+1","floor":46},{"not_picked":["Lockon+1","Glacier","Static Discharge+1","Beam Cell+1"],"picked":"Singing Bowl","floor":48},{"not_picked":["Cold Snap","Go for the Eyes","Streamline+1","Chill+1"],"picked":"Singing Bowl","floor":54}],"player_experience":612882,"relics_obtained":[{"floor":6.0,"key":"DataDisk"},{"floor":8.0,"key":"Omamori"},{"floor":9.0,"key":"Pen Nib"},{"floor":11.0,"key":"Dream Catcher"},{"floor":25.0,"key":"Ancient Tea Set"},{"floor":26.0,"key":"Question Card"},{"floor":27.0,"key":"Bag of Preparation"},{"floor":30.0,"key":"Blood Vial"},{"floor":42.0,"key":"Turnip"},{"floor":44,"key":"Orichalcum"},{"floor":46,"key":"War Paint"},{"floor":54,"key":"Oddly Smooth Stone"}],"event_choices":[{"damage_healed":0.0,"max_hp_gain":0.0,"max_hp_loss":0.0,"gold_gain":0.0,"event_name":"Scrap Ooze","player_choice":"Success","floor":2.0,"gold_loss":0.0,"damage_taken":18.0,"relics_obtained":["Singing Bowl"]},{"cards_removed":["Defend_B"],"damage_healed":0.0,"max_hp_gain":0.0,"max_hp_loss":0.0,"gold_gain":0.0,"event_name":"Living Wall","player_choice":"Forget","floor":3.0,"gold_loss":0.0,"damage_taken":0.0},{"cards_removed":["Strike_B"],"damage_healed":0.0,"max_hp_gain":0.0,"max_hp_loss":0.0,"gold_gain":0.0,"event_name":"The Cleric","player_choice":"Card Removal","floor":5.0,"gold_loss":50.0,"damage_taken":0.0},{"cards_removed":["Defend_B"],"damage_healed":0.0,"max_hp_gain":0.0,"max_hp_loss":0.0,"gold_gain":0.0,"event_name":"Back to Basics","player_choice":"Elegance","floor":19.0,"gold_loss":0.0,"damage_taken":0.0},{"damage_healed":0.0,"max_hp_gain":0.0,"max_hp_loss":43.0,"gold_gain":0.0,"event_name":"Ghosts","player_choice":"Became a Ghost","floor":20.0,"gold_loss":0.0,"damage_taken":0.0,"cards_obtained":["Ghostly","Ghostly","Ghostly","Ghostly","Ghostly"]},{"damage_healed":0.0,"max_hp_gain":0.0,"max_hp_loss":3.0,"gold_gain":0.0,"event_name":"Winding Halls","player_choice":"Max HP","floor":39.0,"gold_loss":0.0,"damage_taken":0.0}],"is_beta":false,"boss_relics":[{"not_picked":["FrozenCore","Busted Crown"],"picked":"Coffee Dripper"},{"not_picked":["Calling Bell","Cursed Key"],"picked":"Runic Pyramid"}],"items_purged_floors":[29,47,53],"is_endless":false,"potions_floor_spawned":[4,10,11,14,18,22,27,28,30,36,38,41,46,48],"ascension_level":10}