{"gold_per_floor":[111,127,202,218,218,245,245,276,301,145,145,145,145,156,156,156],"floor_reached":16,"playtime":333,"items_purged":["Strike_B"],"score":167,"play_id":"a3739e11-2397-4a09-be1a-d8f4eb1de288","local_time":"20240222003516","is_ascension_mode":true,"campfire_choices":[{"floor":7,"key":"REST"},{"floor":13,"key":"REST"},{"floor":15,"key":"REST"}],"neow_cost":"PERCENT_DAMAGE","seed_source_timestamp":7424078294000,"circlet_count":0,"master_deck":["AscendersBane","Strike_B","Strike_B","Strike_B","Defend_B","Defend_B","Defend_B","Defend_B","Zap","Dualcast","Chrysalis","Barrage","Sweeping Beam","Glacier","Coolheaded","Doom and Gloom","Self Repair"],"special_seed":0,"relics":["Cracked Core","Bronze Scales","Centennial Puzzle","Juzu Bracelet"],"potions_floor_usage":[6,6,8],"damage_taken":[{"damage":8,"enemies":"2 Louse","floor":1,"turns":3},{"damage":0,"enemies":"Small Slimes","floor":2,"turns":3},{"damage":12,"enemies":"Jaw Worm","floor":4,"turns":3},{"damage":32,"enemies":"Gremlin Nob","floor":6,"turns":4},{"damage":32,"enemies":"Lagavulin","floor":8,"turns":9},{"damage":16,"enemies":"3 Louse","floor":14,"turns":3},{"damage":45,"enemies":"The Guardian","floor":16,"turns":11}],"seed_played":"8821258680719656810","potions_obtained":[{"floor":1,"key":"SkillPotion"},{"floor":4,"key":"SteroidPotion"},{"floor":6,"key":"Weak Potion"},{"floor":14,"key":"LiquidMemories"}],"is_trial":false,"path_per_floor":["M","M","?","M","?","E","R","E","T","$","?","?","R","M","R","B"],"character_chosen":"DEFECT","basemod:card_modifiers":[null,null,null,null,null,null,null,null,null,null,null,null,null,null,null,null,null],"items_purchased":["Doom and Gloom"],"campfire_rested":3,"item_purchase_floors":[10],"current_hp_per_floor":[42,42,31,19,44,12,34,2,2,2,20,20,41,25,46,1],"gold":156,"neow_bonus":"RANDOM_COLORLESS_2","is_prod":false,"is_daily":false,"chose_seed":false,"campfire_upgraded":0,"win_rate":0,"timestamp":1708529716,"path_taken":["M","M","?","M","?","E","R","E","T","?","?","?","R","M","R","BOSS"],"build_version":"2022-12-18","purchased_purges":1,"victory":false,"max_hp_per_floor":[75,75,75,75,75,75,75,75,75,75,75,72,72,72,72,72],"relic_stats":{"Centennial Puzzle":[6],"counters":[7,36],"Bronze Scales":[54],"Juzu Bracelet":0,"obtain_stats":[{"Centennial Puzzle":8,"Bronze Scales":6,"Juzu Bracelet":9,"Cracked Core":0},{"Centennial Puzzle":5,"Bronze Scales":4,"Juzu Bracelet":5,"Cracked Core":0},{"Centennial Puzzle":22,"Bronze Scales":13,"Juzu Bracelet":22,"Cracked Core":0}]},"card_choices":[{"not_picked":["Secret Technique","Master of Strategy"],"picked":"Chrysalis","floor":0},{"not_picked":["Hologram","Streamline"],"picked":"Barrage","floor":1},{"not_picked":["Hologram","Steam"],"picked":"Sweeping Beam","floor":2},{"not_picked":["Ball Lightning","Stack"],"picked":"Glacier","floor":4},{"not_picked":["Gash","Machine Learning","Hologram"],"picked":"SKIP","floor":6},{"not_picked":["Gash","Streamline"],"picked":"Coolheaded","floor":8},{"not_picked":["Steam","Double Energy"],"picked":"Self Repair","floor":14}],"player_experience":625175,"relics_obtained":[{"floor":6,"key":"Bronze Scales"},{"floor":8,"key":"Centennial Puzzle"},{"floor":9,"key":"Juzu Bracelet"}],"event_choices":[{"damage_healed":0,"gold_gain":75,"player_choice":"Gather Gold","damage_taken":11,"max_hp_gain":0,"max_hp_loss":0,"event_name":"World of Goop","floor":3,"gold_loss":0},{"damage_healed":25,"gold_gain":0,"player_choice":"Banana","damage_taken":0,"max_hp_gain":0,"max_hp_loss":0,"event_name":"Big Fish","floor":5,"gold_loss":0},{"damage_healed":18,"gold_gain":0,"player_choice":"Healed and dodged fight","damage_taken":0,"max_hp_gain":0,"max_hp_loss":0,"event_name":"Mushrooms","floor":11,"gold_loss":0,"cards_obtained":["Parasite"]},{"cards_removed":["Parasite"],"damage_healed":0,"gold_gain":0,"player_choice":"Forget","damage_taken":0,"max_hp_gain":0,"max_hp_loss":0,"event_name":"Living Wall","floor":12,"gold_loss":0}],"is_beta":false,"boss_relics":[],"items_purged_floors":[10],"is_endless":false,"potions_floor_spawned":[1,4,6,14],"killed_by":"The Guardian","ascension_level":11}