{"gold_per_floor":[361,381,110,70,81,110,125,125,125,140,157,171,156,191,191,288,288,305,305,292,309,326,326],"floor_reached":23,"playtime":627,"items_purged":["Strike_B"],"score":324,"play_id":"aa5ea806-bc96-41a9-b188-7a42c58c2096","local_time":"20240220011854","is_ascension_mode":true,"campfire_choices":[{"data":"Apotheosis","floor":8.0,"key":"SMITH"},{"floor":15,"key":"REST"}],"neow_cost":"PERCENT_DAMAGE","seed_source_timestamp":12756102082600,"circlet_count":0,"master_deck":["AscendersBane","Strike_B","Strike_B","Strike_B","Defend_B","Defend_B","Defend_B","Zap","Dualcast","Ball Lightning","Barrage","Apotheosis+1","Coolheaded","Reinforced Body","Seek","Capacitor","Darkness","Skim","Core Surge","Glacier","Redo","Defragment"],"special_seed":0,"relics":["Cracked Core","Meat on the Bone","Question Card","Symbiotic Virus","Runic Pyramid"],"potions_floor_usage":[21,23],"damage_taken":[{"damage":0.0,"enemies":"2 Louse","floor":1.0,"turns":2.0},{"damage":1.0,"enemies":"Cultist","floor":2.0,"turns":3.0},{"damage":0.0,"enemies":"Small Slimes","floor":5.0,"turns":3.0},{"damage":2.0,"enemies":"Lagavulin","floor":6.0,"turns":6.0},{"damage":11.0,"enemies":"Blue Slaver","floor":7.0,"turns":3.0},{"damage":1.0,"enemies":"2 Fungi Beasts","floor":10.0,"turns":3.0},{"damage":0.0,"enemies":"Gremlin Gang","floor":11.0,"turns":3.0},{"damage":11.0,"enemies":"Looter","floor":12.0,"turns":2.0},{"damage":14.0,"enemies":"Exordium Thugs","floor":13.0,"turns":4.0},{"damage":18,"enemies":"Gremlin Nob","floor":14,"turns":3},{"damage":22,"enemies":"The Guardian","floor":16,"turns":9},{"damage":0,"enemies":"Chosen","floor":18,"turns":4},{"damage":12,"enemies":"2 Thieves","floor":20,"turns":4},{"damage":42,"enemies":"Centurion and Healer","floor":21,"turns":6},{"damage":0,"enemies":"Cultist and Chosen","floor":22,"turns":7},{"damage":29,"enemies":"Slavers","floor":23,"turns":3}],"seed_played":"-17897140265468792","potions_obtained":[{"floor":2.0,"key":"Ancient Potion"},{"floor":4.0,"key":"LiquidMemories"},{"floor":4.0,"key":"PotionOfCapacity"},{"floor":6.0,"key":"FearPotion"},{"floor":11.0,"key":"Regen Potion"},{"floor":13.0,"key":"SteroidPotion"},{"floor":16,"key":"FairyPotion"},{"floor":22,"key":"EssenceOfSteel"}],"is_trial":false,"path_per_floor":["M","M","$","?","M","E","M","R","T","M","M","M","M","E","R","B",null,"M","?","M","M","M","E"],"character_chosen":"DEFECT","basemod:card_modifiers":[null,null,null,null,null,null,null,null,null,null,null,null,null,null,null,null,null,null,null,null,null,null],"items_purchased":["Apotheosis"],"campfire_rested":1,"item_purchase_floors":[3],"current_hp_per_floor":[50,49,49,49,49,47,48,48,48,47,47,48,46,40,62,40,66,66,66,54,39,39,10],"gold":326,"neow_bonus":"TWO_FIFTY_GOLD","is_prod":false,"is_daily":false,"chose_seed":false,"campfire_upgraded":1,"win_rate":0,"timestamp":1708359534,"path_taken":["M","M","$","?","M","E","M","R","T","M","M","M","?","E","R","BOSS","M","?","M","M","M","E"],"build_version":"2022-12-18","purchased_purges":1,"victory":false,"max_hp_per_floor":[75,75,75,75,75,75,75,75,75,75,75,75,75,75,75,75,75,75,75,75,75,75,75],"relic_stats":{"counters":[16,65],"Question Card":11,"obtain_stats":[{"Cracked Core":0,"Question Card":9,"Symbiotic Virus":14,"Meat on the Bone":6,"Runic Pyramid":17},{"Cracked Core":0,"Question Card":5,"Symbiotic Virus":10,"Meat on the Bone":4,"Runic Pyramid":11},{"Cracked Core":0,"Question Card":17,"Symbiotic Virus":32,"Meat on the Bone":14,"Runic Pyramid":41}],"Meat on the Bone":60},"card_choices":[{"not_picked":["Coolheaded","Cold Snap"],"picked":"Ball Lightning","floor":1.0},{"not_picked":["Stack","Cold Snap"],"picked":"Barrage","floor":2.0},{"not_picked":["Aggregate","Skim"],"picked":"Coolheaded","floor":5.0},{"not_picked":["Go for the Eyes","Steam"],"picked":"Reinforced Body","floor":6.0},{"not_picked":["Hello World","BootSequence","Lockon"],"picked":"SKIP","floor":7.0},{"not_picked":["Blizzard","Streamline","Steam","Go for the Eyes"],"picked":"SKIP","floor":10.0},{"not_picked":["Turbo","Stack","Self Repair"],"picked":"Seek","floor":11.0},{"not_picked":["Lockon","Chaos","Barrage"],"picked":"Capacitor","floor":12.0},{"not_picked":["Ball Lightning","Cold Snap","Double Energy"],"picked":"Darkness","floor":13.0},{"not_picked":["Steam","Tempest","Thunder Strike"],"picked":"Skim","floor":14},{"not_picked":["Rainbow","Creative AI","Multi-Cast"],"picked":"Core Surge","floor":16},{"not_picked":["Stack","Rebound+1","Darkness"],"picked":"Glacier","floor":18},{"not_picked":["Compile Driver","Doom and Gloom+1","Steam"],"picked":"Defragment","floor":20},{"not_picked":["Lockon","Tempest","BootSequence+1","Gash"],"picked":"SKIP","floor":21},{"not_picked":["Barrage","Ball Lightning+1","Rebound","Glacier"],"picked":"SKIP","floor":22}],"player_experience":616500,"relics_obtained":[{"floor":6.0,"key":"Meat on the Bone"},{"floor":9.0,"key":"Question Card"},{"floor":14,"key":"Symbiotic Virus"}],"event_choices":[{"damage_healed":0.0,"max_hp_gain":0.0,"max_hp_loss":0.0,"gold_gain":0.0,"event_name":"The Woman in Blue","player_choice":"Bought 3 Potions","floor":4.0,"gold_loss":0.0,"damage_taken":0.0},{"damage_healed":0,"gold_gain":0,"cards_transformed":["Defend_B"],"player_choice":"Transformed","damage_taken":0,"max_hp_gain":0,"max_hp_loss":0,"event_name":"Transmorgrifier","floor":19,"gold_loss":0,"cards_obtained":["Redo"]}],"is_beta":false,"boss_relics":[{"not_picked":["Runic Dome","Busted Crown"],"picked":"Runic Pyramid"}],"items_purged_floors":[3],"is_endless":false,"potions_floor_spawned":[2,6,11,13,16,22],"killed_by":"Slavers","ascension_level":11}