{"gold_per_floor":[118,136,154,154,168,196,206,235,235,235,245,245,245,278,278,278],"floor_reached":16,"playtime":366,"items_purged":[],"score":189,"play_id":"17d25571-485e-4110-9392-9bfd98c3a8cc","local_time":"20240222004209","is_ascension_mode":true,"campfire_choices":[{"data":"Electrodynamics","floor":10.0,"key":"SMITH"},{"floor":13.0,"key":"REST"},{"floor":15,"key":"REST"}],"neow_cost":"TEN_PERCENT_HP_LOSS","seed_source_timestamp":7770211813000,"circlet_count":0,"master_deck":["AscendersBane","Strike_B","Strike_B","Strike_B","Defend_B","Defend_B","Defend_B","Defend_B","Zap","Dualcast","Electrodynamics+1","BootSequence","Ball Lightning","Ball Lightning","Coolheaded","Capacitor","Heatsinks"],"special_seed":0,"relics":["Cracked Core","Oddly Smooth Stone","WingedGreaves","Du-Vu Doll","Golden Idol","Bottled Tornado"],"potions_floor_usage":[16],"damage_taken":[{"damage":0.0,"enemies":"Small Slimes","floor":1.0,"turns":2.0},{"damage":0.0,"enemies":"2 Louse","floor":2.0,"turns":2.0},{"damage":2.0,"enemies":"Jaw Worm","floor":3.0,"turns":2.0},{"damage":0.0,"enemies":"Exordium Wildlife","floor":5.0,"turns":2.0},{"damage":10.0,"enemies":"Lagavulin","floor":6.0,"turns":6.0},{"damage":11.0,"enemies":"Looter","floor":7.0,"turns":3.0},{"damage":20.0,"enemies":"3 Sentries","floor":8.0,"turns":4.0},{"damage":3.0,"enemies":"Red Slaver","floor":11.0,"turns":3.0},{"damage":28.0,"enemies":"Gremlin Nob","floor":14.0,"turns":4.0},{"damage":25,"enemies":"Hexaghost","floor":16,"turns":9}],"seed_played":"157297786905897420","potions_obtained":[{"floor":2.0,"key":"ColorlessPotion"},{"floor":3.0,"key":"ColorlessPotion"},{"floor":8.0,"key":"Energy Potion"},{"floor":11.0,"key":"Fruit Juice"}],"is_trial":false,"path_per_floor":["M","M","M","?","M","E","M","E","T","R","M","?","R","E","R","B"],"character_chosen":"DEFECT","basemod:card_modifiers":[null,null,null,null,null,null,null,null,null,null,null,null,null,null,null,null,null],"items_purchased":[],"campfire_rested":2,"item_purchase_floors":[],"current_hp_per_floor":[68,68,66,66,66,56,45,25,25,25,22,5,31,3,24,0],"gold":278,"neow_bonus":"THREE_RARE_CARDS","is_prod":false,"is_daily":false,"chose_seed":false,"campfire_upgraded":1,"win_rate":0,"timestamp":1708530129,"path_taken":["M","M","M","?","M","E","M","E","T","R","M","?","R","E","R","BOSS"],"build_version":"2022-12-18","purchased_purges":0,"victory":false,"max_hp_per_floor":[68,68,68,68,68,68,68,68,68,68,68,68,73,73,73,73],"relic_stats":{"counters":[10,37],"Golden Idol":14,"WingedGreaves":2,"Bottled Tornado":"Heatsinks","obtain_stats":[{"Du-Vu Doll":9,"Golden Idol":12,"Oddly Smooth Stone":6,"WingedGreaves":8,"Bottled Tornado":14,"Cracked Core":0},{"Du-Vu Doll":7,"Golden Idol":8,"Oddly Smooth Stone":5,"WingedGreaves":7,"Bottled Tornado":9,"Cracked Core":0},{"Du-Vu Doll":21,"Golden Idol":24,"Oddly Smooth Stone":14,"WingedGreaves":21,"Bottled Tornado":28,"Cracked Core":0}]},"card_choices":[{"not_picked":["Buffer","Creative AI"],"picked":"Electrodynamics","floor":0.0},{"not_picked":["Hologram","Leap"],"picked":"BootSequence","floor":1.0},{"not_picked":["Gash","Melter","Steam"],"picked":"SKIP","floor":2.0},{"not_picked":["Storm","Sweeping Beam"],"picked":"Ball Lightning","floor":3.0},{"not_picked":["Static Discharge","Rebound"],"picked":"Ball Lightning","floor":5.0},{"not_picked":["Turbo","Chill","Hello World"],"picked":"SKIP","floor":6.0},{"not_picked":["Rebound","Go for the Eyes"],"picked":"Coolheaded","floor":7.0},{"not_picked":["Go for the Eyes","Meteor Strike"],"picked":"Capacitor","floor":8.0},{"not_picked":["Steam Power","Leap","Cold Snap"],"picked":"SKIP","floor":11.0},{"not_picked":["Loop","Recycle"],"picked":"Heatsinks","floor":14}],"player_experience":625508,"relics_obtained":[{"floor":6.0,"key":"Oddly Smooth Stone"},{"floor":8.0,"key":"WingedGreaves"},{"floor":9.0,"key":"Du-Vu Doll"},{"floor":14,"key":"Bottled Tornado"}],"event_choices":[{"cards_removed":["Strike_B"],"damage_healed":0.0,"max_hp_gain":0.0,"max_hp_loss":0.0,"gold_gain":0.0,"event_name":"Living Wall","player_choice":"Forget","floor":4.0,"gold_loss":0.0,"damage_taken":0.0},{"damage_healed":0.0,"max_hp_gain":0.0,"max_hp_loss":0.0,"gold_gain":0.0,"event_name":"Golden Idol","player_choice":"Take Damage","floor":12.0,"gold_loss":0.0,"damage_taken":17.0,"relics_obtained":["Golden Idol"]}],"is_beta":false,"boss_relics":[],"items_purged_floors":[],"is_endless":false,"potions_floor_spawned":[2,3,8,11],"killed_by":"Hexaghost","ascension_level":11}