{"gold_per_floor":[113,113,113,133,151,151,182,192,262,187,199,212,212,248,248,336,363,388,397,417,430,430,456,506,506,506,536,573,593,629,629,629,711,711,729,758,774,808,817,845,864,900,900,934,960,529,539,572,572,572,572,572,572,116,159,159],"floor_reached":57,"playtime":2558,"items_purged":["Strike_R","Inflame+1","Hemokinesis"],"score":3532,"play_id":"4abb2029-2621-49c7-87c5-6e59714990a4","local_time":"20240218041510","is_ascension_mode":true,"campfire_choices":[{"data":"Whirlwind","floor":6.0,"key":"SMITH"},{"data":"Blood for Blood","floor":13.0,"key":"SMITH"},{"data":"Offering","floor":15.0,"key":"SMITH"},{"data":"Dark Embrace","floor":25.0,"key":"SMITH"},{"data":"Demon Form","floor":32.0,"key":"SMITH"},{"floor":49.0,"key":"RECALL"},{"data":"Impervious","floor":53,"key":"SMITH"}],"neow_cost":"NONE","seed_source_timestamp":0,"circlet_count":0,"master_deck":["AscendersBane","Defend_R+1","Defend_R","Defend_R","Defend_R","Bash+1","Whirlwind+1","Blood for Blood+1","Flame Barrier","Second Wind","Offering+1","Reaper","Feel No Pain+1","Dual Wield+1","Corruption+1","Dark Embrace+1","J.A.X.","Power Through","Seeing Red","Burning Pact","Demon Form+1","Offering","Evolve","Shockwave","Sentinel","Offering+1","Barricade","Exhume","Dark Embrace+1","Impervious+1","Burning Pact+1","Shrug It Off","Shrug It Off","Flame Barrier+1","Shrug It Off","Exhume"],"special_seed":0,"relics":["Burning Blood","Incense Burner","Pear","CeramicFish","Astrolabe","Regal Pillow","Pen Nib","Prayer Wheel","Nloth\u0027s Gift","Mark of Pain","WingedGreaves","Bag of Marbles","Akabeko","Molten Egg 2","Ancient Tea Set","Orrery","Red Skull","Happy Flower"],"potions_floor_usage":[56,56],"damage_taken":[{"damage":10.0,"enemies":"2 Louse","floor":1.0,"turns":3.0},{"damage":10.0,"enemies":"Small Slimes","floor":4.0,"turns":3.0},{"damage":2.0,"enemies":"Cultist","floor":5.0,"turns":3.0},{"damage":34.0,"enemies":"3 Sentries","floor":7.0,"turns":8.0},{"damage":0.0,"enemies":"Exordium Thugs","floor":8.0,"turns":3.0},{"damage":0.0,"enemies":"3 Louse","floor":11.0,"turns":2.0},{"damage":4.0,"enemies":"Looter","floor":12.0,"turns":3.0},{"damage":10.0,"enemies":"Gremlin Nob","floor":14.0,"turns":3.0},{"damage":8.0,"enemies":"Slime Boss","floor":16.0,"turns":2.0},{"damage":10.0,"enemies":"Chosen","floor":18.0,"turns":5.0},{"damage":14.0,"enemies":"Spheric Guardian","floor":20.0,"turns":3.0},{"damage":13.0,"enemies":"Centurion and Healer","floor":21.0,"turns":5.0},{"damage":26.0,"enemies":"Book of Stabbing","floor":23.0,"turns":5.0},{"damage":47.0,"enemies":"Gremlin Leader","floor":27.0,"turns":5.0},{"damage":19.0,"enemies":"Snake Plant","floor":28.0,"turns":3.0},{"damage":12.0,"enemies":"Snecko","floor":29.0,"turns":5.0},{"damage":13.0,"enemies":"Book of Stabbing","floor":30.0,"turns":4.0},{"damage":46.0,"enemies":"Collector","floor":33.0,"turns":6.0},{"damage":44.0,"enemies":"3 Darklings","floor":35.0,"turns":4.0},{"damage":12.0,"enemies":"Orb Walker","floor":36.0,"turns":3.0},{"damage":22.0,"enemies":"Transient","floor":37.0,"turns":6.0},{"damage":15.0,"enemies":"Mind Bloom Boss Battle","floor":38.0,"turns":3.0},{"damage":26.0,"enemies":"Nemesis","floor":40.0,"turns":3.0},{"damage":15.0,"enemies":"Jaw Worm Horde","floor":41.0,"turns":2.0},{"damage":15.0,"enemies":"Reptomancer","floor":42.0,"turns":3.0},{"damage":31.0,"enemies":"Nemesis","floor":44.0,"turns":5.0},{"damage":21.0,"enemies":"Writhing Mass","floor":45.0,"turns":4.0},{"damage":30.0,"enemies":"Spire Growth","floor":47.0,"turns":5.0},{"damage":28.0,"enemies":"Sphere and 2 Shapes","floor":48.0,"turns":3.0},{"damage":8,"enemies":"Awakened One","floor":50,"turns":3},{"damage":32,"enemies":"Donu and Deca","floor":51,"turns":9},{"damage":21,"enemies":"Shield and Spear","floor":55,"turns":11},{"damage":52,"enemies":"The Heart","floor":56,"turns":7}],"seed_played":"7689429401321207341","potions_obtained":[{"floor":5.0,"key":"FearPotion"},{"floor":8.0,"key":"SpeedPotion"},{"floor":11.0,"key":"AttackPotion"},{"floor":16.0,"key":"BlessingOfTheForge"},{"floor":20.0,"key":"BloodPotion"},{"floor":30.0,"key":"Strength Potion"},{"floor":36.0,"key":"GamblersBrew"},{"floor":40.0,"key":"SkillPotion"},{"floor":45.0,"key":"Swift Potion"}],"is_trial":false,"path_per_floor":["M","?","?","M","M","R","E","M","T","$","M","M","R","E","R","B",null,"M","?","M","M","?","E","?","R","T","E","M","M","E","?","R","B",null,"M","M","M","?","?","E","M","E","T","E","M","$","M","M","R","B","B",null,"R","$","E","B",null],"character_chosen":"IRONCLAD","basemod:card_modifiers":[null,null,null,null,null,null,null,null,null,null,null,null,null,null,null,null,null,null,null,null,null,null,null,null,null,null,null,null,null,null,null,null,null,null,null,null],"items_purchased":["Ancient Tea Set","Impervious","Orrery","Shrug It Off","Red Skull"],"campfire_rested":0,"item_purchase_floors":[46,46,54,54,54],"current_hp_per_floor":[64,41,41,37,41,41,13,19,29,29,35,37,37,33,33,31,72,74,74,74,85,85,71,71,71,71,58,51,85,92,92,92,92,92,70,92,92,92,92,92,92,92,92,92,92,92,92,92,92,92,92,92,92,92,92,92],"gold":159,"neow_bonus":"UPGRADE_CARD","is_prod":false,"is_daily":false,"chose_seed":false,"campfire_upgraded":6,"win_rate":0,"timestamp":1708197310,"path_taken":["M","?","?","M","?","R","E","M","T","$","M","M","R","E","R","BOSS","M","?","M","M","?","E","?","R","T","E","M","M","E","?","R","BOSS","M","M","M","?","?","E","M","E","T","E","?","$","M","M","R","BOSS","BOSS","R","$","E","BOSS"],"build_version":"2022-12-18","purchased_purges":3,"victory":true,"max_hp_per_floor":[75,75,75,75,75,75,75,75,85,85,85,85,85,85,85,85,85,85,85,85,85,85,85,85,85,85,85,85,85,92,92,92,92,92,92,92,92,92,92,92,92,92,92,92,92,92,92,92,92,92,92,92,92,92,92,92],"relic_stats":{"Regal Pillow":0,"Happy Flower":[2],"counters":[33,142],"CeramicFish":243,"Astrolabe":["Feel No Pain","Dual Wield","Corruption"],"Prayer Wheel":9,"Pen Nib":[18],"WingedGreaves":3,"Nloth\u0027s Gift":8,"Ancient Tea Set":[4],"obtain_stats":[{"Regal Pillow":23,"Pear":9,"Happy Flower":55,"CeramicFish":14,"Astrolabe":17,"Pen Nib":26,"Incense Burner":7,"Ancient Tea Set":46,"Burning Blood":0,"Akabeko":42,"Strawberry":30,"Orrery":54,"Prayer Wheel":27,"Molten Egg 2":44,"Mark of Pain":34,"WingedGreaves":38,"Nloth\u0027s Gift":31,"Bag of Marbles":40,"Red Skull":54},{"Regal Pillow":13,"Pear":5,"Happy Flower":32,"CeramicFish":8,"Astrolabe":9,"Pen Nib":13,"Incense Burner":4,"Ancient Tea Set":27,"Burning Blood":0,"Akabeko":25,"Strawberry":17,"Orrery":31,"Prayer Wheel":14,"Molten Egg 2":26,"Mark of Pain":18,"WingedGreaves":22,"Nloth\u0027s Gift":17,"Bag of Marbles":23,"Red Skull":31},{"Regal Pillow":48,"Pear":20,"Happy Flower":135,"CeramicFish":28,"Astrolabe":30,"Pen Nib":48,"Incense Burner":17,"Ancient Tea Set":104,"Burning Blood":0,"Akabeko":95,"Strawberry":65,"Orrery":124,"Prayer Wheel":53,"Molten Egg 2":100,"Mark of Pain":71,"WingedGreaves":87,"Nloth\u0027s Gift":65,"Bag of Marbles":90,"Red Skull":124}],"Burning Blood":114},"card_choices":[{"not_picked":["Sword Boomerang","Reckless Charge"],"picked":"Whirlwind","floor":1.0},{"not_picked":["Second Wind","Sever Soul"],"picked":"Hemokinesis","floor":4.0},{"not_picked":["Perfected Strike","Pummel","Havoc"],"picked":"SKIP","floor":5.0},{"not_picked":["Brutality","Headbutt"],"picked":"Blood for Blood","floor":7.0},{"not_picked":["Evolve","True Grit"],"picked":"Flame Barrier","floor":8.0},{"not_picked":["Clothesline","Twin Strike"],"picked":"Second Wind","floor":11.0},{"not_picked":["Second Wind","Infernal Blade","Twin Strike"],"picked":"SKIP","floor":12.0},{"not_picked":["Double Tap","Wild Strike"],"picked":"Offering","floor":14.0},{"not_picked":["Limit Break","Double Tap"],"picked":"Reaper","floor":16.0},{"not_picked":["Pommel Strike","Twin Strike"],"picked":"Dark Embrace","floor":18.0},{"not_picked":["Whirlwind","Rage"],"picked":"Power Through","floor":20.0},{"not_picked":["Wild Strike+1","Flex","Clothesline"],"picked":"SKIP","floor":21.0},{"not_picked":["Rampage+1","Whirlwind+1","Anger"],"picked":"SKIP","floor":23.0},{"not_picked":["Metallicize","Havoc","Battle Trance"],"picked":"SKIP","floor":27.0},{"not_picked":["Shrug It Off","Power Through"],"picked":"Seeing Red","floor":28.0},{"not_picked":["Rampage","Brutality"],"picked":"Inflame+1","floor":28.0},{"not_picked":["Wild Strike","Twin Strike"],"picked":"Burning Pact","floor":29.0},{"not_picked":["Wild Strike","Body Slam","Clothesline"],"picked":"SKIP","floor":29.0},{"not_picked":["Evolve+1","Fire Breathing+1"],"picked":"Demon Form","floor":30.0},{"not_picked":["Brutality","Double Tap"],"picked":"Offering","floor":33.0},{"not_picked":["Clash","Armaments","Rampage"],"picked":"SKIP","floor":35.0},{"not_picked":["Twin Strike","Flex+1","Thunderclap"],"picked":"SKIP","floor":35.0},{"not_picked":["Rupture","Anger+1"],"picked":"Evolve","floor":36.0},{"not_picked":["Flame Barrier","Rupture"],"picked":"Shockwave","floor":36.0},{"not_picked":["Anger","Cleave","Iron Wave+1"],"picked":"SKIP","floor":37.0},{"not_picked":["Juggernaut","Headbutt","Dual Wield"],"picked":"SKIP","floor":37.0},{"not_picked":["Immolate","Heavy Blade+1"],"picked":"Sentinel","floor":38.0},{"not_picked":["Disarm+1","Clash","Power Through+1"],"picked":"SKIP","floor":40.0},{"not_picked":["Cleave","Flex","Feel No Pain"],"picked":"SKIP","floor":41.0},{"not_picked":["Iron Wave","Pommel Strike","Battle Trance"],"picked":"SKIP","floor":41.0},{"not_picked":["Thunderclap","Headbutt+1"],"picked":"Barricade","floor":42.0},{"not_picked":["Juggernaut","Limit Break"],"picked":"Exhume","floor":44.0},{"not_picked":["Anger+1","Body Slam+1"],"picked":"Dark Embrace+1","floor":45.0},{"not_picked":["Clash+1","Rupture+1","Clothesline+1"],"picked":"SKIP","floor":45.0},{"not_picked":["Warcry+1","Iron Wave+1","Hemokinesis+1"],"picked":"SKIP","floor":47.0},{"not_picked":["Cleave+1","Fire Breathing+1","Battle Trance+1"],"picked":"SKIP","floor":47.0},{"not_picked":["Bloodletting+1","Power Through"],"picked":"Burning Pact+1","floor":48.0},{"not_picked":["Warcry","True Grit"],"picked":"Shrug It Off","floor":48.0},{"not_picked":["Perfected Strike+1","Thunderclap+1"],"picked":"Shrug It Off","floor":54},{"not_picked":["Double Tap","Battle Trance"],"picked":"Flame Barrier+1","floor":54},{"not_picked":["Reaper+1","Power Through"],"picked":"Exhume","floor":55}],"player_experience":606029,"relics_obtained":[{"floor":7.0,"key":"Incense Burner"},{"floor":9.0,"key":"Pear"},{"floor":14.0,"key":"CeramicFish"},{"floor":23.0,"key":"Regal Pillow"},{"floor":26.0,"key":"Pen Nib"},{"floor":27.0,"key":"Prayer Wheel"},{"floor":30.0,"key":"Strawberry"},{"floor":38.0,"key":"WingedGreaves"},{"floor":40.0,"key":"Bag of Marbles"},{"floor":42.0,"key":"Akabeko"},{"floor":44.0,"key":"Molten Egg 2"},{"floor":55,"key":"Happy Flower"}],"event_choices":[{"damage_healed":0.0,"max_hp_gain":0.0,"max_hp_loss":0.0,"gold_gain":0.0,"event_name":"Shining Light","player_choice":"Entered Light","floor":2.0,"gold_loss":0.0,"damage_taken":23.0,"cards_upgraded":["Strike_R","Defend_R"]},{"cards_removed":["Strike_R"],"damage_healed":0.0,"max_hp_gain":0.0,"max_hp_loss":0.0,"gold_gain":0.0,"event_name":"Wheel of Change","player_choice":"Card Removal","floor":3.0,"gold_loss":0.0,"damage_taken":0.0},{"damage_healed":0.0,"max_hp_gain":0.0,"max_hp_loss":0.0,"gold_gain":0.0,"event_name":"Drug Dealer","player_choice":"Obtain J.A.X.","floor":19.0,"gold_loss":0.0,"damage_taken":0.0,"cards_obtained":["J.A.X."]},{"damage_healed":0.0,"max_hp_gain":0.0,"max_hp_loss":0.0,"gold_gain":0.0,"event_name":"Vampires","player_choice":"Ignored","floor":22.0,"gold_loss":0.0,"damage_taken":0.0},{"damage_healed":0.0,"max_hp_gain":0.0,"max_hp_loss":0.0,"gold_gain":50.0,"event_name":"Nest","player_choice":"Stole From Cult","floor":24.0,"gold_loss":0.0,"damage_taken":0.0},{"damage_healed":0.0,"max_hp_gain":0.0,"max_hp_loss":0.0,"gold_gain":0.0,"event_name":"N\u0027loth","player_choice":"Traded Relic","floor":31.0,"relics_lost":["Strawberry"],"gold_loss":0.0,"damage_taken":0.0,"relics_obtained":["Nloth\u0027s Gift"]},{"damage_healed":0.0,"max_hp_gain":0.0,"max_hp_loss":0.0,"gold_gain":0.0,"event_name":"MindBloom","player_choice":"Fight","floor":38.0,"gold_loss":0.0,"damage_taken":0.0},{"damage_healed":0.0,"max_hp_gain":0.0,"max_hp_loss":0.0,"gold_gain":0.0,"event_name":"Duplicator","player_choice":"Copied","floor":39.0,"gold_loss":0.0,"damage_taken":0.0,"cards_obtained":["Offering"]}],"is_beta":false,"boss_relics":[{"not_picked":["Velvet Choker","Runic Dome"],"picked":"Astrolabe"},{"not_picked":["Busted Crown","Pandora\u0027s Box"],"picked":"Mark of Pain"}],"items_purged_floors":[10,46,54],"is_endless":false,"potions_floor_spawned":[5,8,11,16,20,21,23,30,33,36,40,41,45,48],"ascension_level":20}