{"gold_per_floor":[110,128,143,143,157,157,182,54,77,95,195,195,224,234,234,339,339,356,431,447,45,45,45,75,75,75,85,103,138,150,150],"floor_reached":31,"playtime":852,"items_purged":["Strike_B","Strike_B"],"score":445,"play_id":"7898fa69-3ec8-4266-b270-c814aa8957a2","local_time":"20240220024832","is_ascension_mode":true,"campfire_choices":[{"data":"Barrage","floor":6.0,"key":"SMITH"},{"data":"Electrodynamics","floor":12.0,"key":"SMITH"},{"data":"Coolheaded","floor":15.0,"key":"SMITH"},{"floor":23.0,"key":"REST"},{"floor":25,"key":"REST"}],"neow_cost":"NONE","seed_source_timestamp":17812340023300,"circlet_count":0,"master_deck":["AscendersBane","Strike_B+1","Strike_B+1","Defend_B","Defend_B","Defend_B","Defend_B","Zap","Dualcast","Buffer","Reinforced Body","Barrage+1","Barrage","Electrodynamics+1","FTL","Ball Lightning","Capacitor","Coolheaded+1","Reboot","Turbo","Force Field"],"special_seed":0,"relics":["Cracked Core","Omamori","Bag of Preparation","Blood Vial","Akabeko","Black Star","DataDisk","Lantern","Anchor","The Courier","Pear","Whetstone","Sundial"],"potions_floor_usage":[24,24,29],"damage_taken":[{"damage":0.0,"enemies":"Small Slimes","floor":1.0,"turns":3.0},{"damage":1.0,"enemies":"2 Louse","floor":2.0,"turns":5.0},{"damage":1.0,"enemies":"Cultist","floor":3.0,"turns":3.0},{"damage":8.0,"enemies":"3 Louse","floor":5.0,"turns":5.0},{"damage":16.0,"enemies":"Gremlin Nob","floor":7.0,"turns":3.0},{"damage":7.0,"enemies":"Lots of Slimes","floor":10.0,"turns":2.0},{"damage":10.0,"enemies":"Lagavulin","floor":13.0,"turns":6.0},{"damage":0.0,"enemies":"Large Slime","floor":14.0,"turns":4.0},{"damage":19.0,"enemies":"Hexaghost","floor":16.0,"turns":9.0},{"damage":38.0,"enemies":"Shell Parasite","floor":18.0,"turns":7.0},{"damage":1.0,"enemies":"3 Byrds","floor":20.0,"turns":3.0},{"damage":17,"enemies":"Slavers","floor":24,"turns":5},{"damage":4,"enemies":"Sentry and Sphere","floor":27,"turns":5},{"damage":9,"enemies":"Shelled Parasite and Fungi","floor":28,"turns":6},{"damage":26,"enemies":"Book of Stabbing","floor":29,"turns":5},{"damage":8,"enemies":"Centurion and Healer","floor":30,"turns":3},{"damage":21,"enemies":"Snake Plant","floor":31,"turns":5}],"seed_played":"2468085533517704991","potions_obtained":[{"floor":2.0,"key":"Dexterity Potion"},{"floor":5.0,"key":"SkillPotion"},{"floor":13.0,"key":"LiquidMemories"},{"floor":14.0,"key":"BlessingOfTheForge"},{"floor":18.0,"key":"BlessingOfTheForge"},{"floor":27,"key":"DuplicationPotion"},{"floor":30,"key":"EssenceOfSteel"}],"is_trial":false,"path_per_floor":["M","M","M","?","M","R","E","$","T","M","?","R","E","M","R","B",null,"M","?","M","$","?","R","E","R","T","M","M","E","M","M"],"character_chosen":"DEFECT","basemod:card_modifiers":[null,null,null,null,null,null,null,null,null,null,null,null,null,null,null,null,null,null,null,null,null],"items_purchased":["Ball Lightning","DataDisk","Lantern"],"campfire_rested":2,"item_purchase_floors":[8,21,21],"current_hp_per_floor":[68,67,66,59,51,51,35,35,35,30,30,30,22,24,24,7,58,22,15,16,16,16,38,23,45,55,53,46,22,16,0],"gold":150,"neow_bonus":"ONE_RANDOM_RARE_CARD","is_prod":false,"is_daily":false,"chose_seed":false,"campfire_upgraded":3,"win_rate":0,"timestamp":1708364912,"path_taken":["M","M","M","?","M","R","E","$","T","M","?","R","E","?","R","BOSS","M","?","?","$","?","R","E","R","T","M","M","E","M","M"],"build_version":"2022-12-18","purchased_purges":2,"victory":false,"max_hp_per_floor":[75,75,75,75,75,75,75,75,75,75,75,75,75,75,75,75,75,75,75,75,75,75,75,75,75,85,85,85,85,85,85],"relic_stats":{"Blood Vial":24,"counters":[17,79],"Sundial":[0],"The Courier":0,"Omamori":0,"Bag of Preparation":[24],"Black Star":2,"Whetstone":["Strike_B","Strike_B"],"obtain_stats":[{"Lantern":21,"Pear":26,"The Courier":24,"Omamori":4,"Bag of Preparation":7,"Whetstone":29,"Akabeko":13,"Blood Vial":9,"DataDisk":21,"Anchor":24,"Sundial":29,"Black Star":17,"Cracked Core":0},{"Lantern":11,"Pear":12,"The Courier":12,"Omamori":3,"Bag of Preparation":5,"Whetstone":15,"Akabeko":7,"Blood Vial":5,"DataDisk":11,"Anchor":12,"Sundial":15,"Black Star":9,"Cracked Core":0},{"Lantern":50,"Pear":55,"The Courier":55,"Omamori":11,"Bag of Preparation":19,"Whetstone":71,"Akabeko":27,"Blood Vial":19,"DataDisk":50,"Anchor":55,"Sundial":71,"Black Star":40,"Cracked Core":0}]},"card_choices":[{"not_picked":["Conserve Battery","Hologram"],"picked":"Reinforced Body","floor":1.0},{"not_picked":["Steam","Compile Driver"],"picked":"Barrage","floor":2.0},{"not_picked":["Gash","Leap"],"picked":"Barrage","floor":3.0},{"not_picked":["Beam Cell","Consume"],"picked":"Electrodynamics","floor":5.0},{"not_picked":["Streamline","Rebound"],"picked":"FTL","floor":7.0},{"not_picked":["Capacitor","Reinforced Body","Stack"],"picked":"SKIP","floor":10.0},{"not_picked":["Reinforced Body","Stack"],"picked":"Capacitor","floor":10.0},{"not_picked":["Gash","Sweeping Beam"],"picked":"Coolheaded","floor":13.0},{"not_picked":["Stack","Redo","Steam"],"picked":"SKIP","floor":14.0},{"not_picked":["Amplify","Seek"],"picked":"Reboot","floor":16.0},{"not_picked":["Go for the Eyes","Scrape","Steam"],"picked":"SKIP","floor":18.0},{"not_picked":["Reprogram+1","Aggregate"],"picked":"Turbo","floor":20.0},{"not_picked":["Doom and Gloom+1","Lockon"],"picked":"Force Field","floor":24},{"not_picked":["Electrodynamics","Capacitor","Steam"],"picked":"SKIP","floor":27},{"not_picked":["Go for the Eyes+1","Melter","Force Field"],"picked":"SKIP","floor":28},{"not_picked":["Streamline+1","BootSequence+1","Beam Cell"],"picked":"SKIP","floor":29},{"not_picked":["Turbo","Ball Lightning","Hologram"],"picked":"SKIP","floor":30}],"player_experience":621300,"relics_obtained":[{"floor":7.0,"key":"Bag of Preparation"},{"floor":9.0,"key":"Blood Vial"},{"floor":13.0,"key":"Akabeko"},{"floor":24,"key":"Anchor"},{"floor":24,"key":"The Courier"},{"floor":26,"key":"Pear"},{"floor":29,"key":"Whetstone"},{"floor":29,"key":"Sundial"}],"event_choices":[{"damage_healed":0.0,"max_hp_gain":0.0,"max_hp_loss":0.0,"gold_gain":0.0,"event_name":"Scrap Ooze","player_choice":"Success","floor":4.0,"gold_loss":0.0,"damage_taken":7.0,"relics_obtained":["Omamori"]},{"damage_healed":0.0,"max_hp_gain":0.0,"max_hp_loss":0.0,"gold_gain":100.0,"event_name":"Golden Shrine","player_choice":"Pray","floor":11.0,"gold_loss":0.0,"damage_taken":0.0},{"damage_healed":0.0,"max_hp_gain":0.0,"max_hp_loss":0.0,"gold_gain":75.0,"event_name":"FaceTrader","player_choice":"Touch","floor":19.0,"gold_loss":0.0,"damage_taken":7.0},{"damage_healed":0.0,"max_hp_gain":0.0,"max_hp_loss":0.0,"gold_gain":0.0,"event_name":"Cursed Tome","player_choice":"Ignored","floor":22.0,"gold_loss":0.0,"damage_taken":0.0}],"is_beta":false,"boss_relics":[{"not_picked":["Philosopher\u0027s Stone","Coffee Dripper"],"picked":"Black Star"}],"items_purged_floors":[8,21],"is_endless":false,"potions_floor_spawned":[2,5,13,14,18,27,30],"killed_by":"Snake Plant","ascension_level":11}