{"gold_per_floor":[111,131,56,68,68,102,102,129,129,129,139,139,157,157],"floor_reached":14,"playtime":269,"items_purged":["Strike_B"],"score":155,"play_id":"51b2b44a-76f3-4093-9b9e-aae2e26d54cd","local_time":"20240222001513","is_ascension_mode":true,"campfire_choices":[{"floor":7,"key":"REST"},{"floor":10,"key":"REST"}],"neow_cost":"NONE","seed_source_timestamp":6292022916900,"circlet_count":0,"master_deck":["AscendersBane","Strike_B+1","Strike_B","Strike_B","Defend_B","Defend_B","Defend_B","Zap","Dualcast","Streamline+1","Barrage","Biased Cognition+1","Sweeping Beam","Cold Snap"],"relics":["Cracked Core","NeowsBlessing","Art of War","The Courier","Whetstone"],"potions_floor_usage":[8,11,13],"damage_taken":[{"damage":0,"enemies":"Cultist","floor":1,"turns":1},{"damage":0,"enemies":"Small Slimes","floor":2,"turns":1},{"damage":0,"enemies":"2 Louse","floor":4,"turns":1},{"damage":45,"enemies":"3 Sentries","floor":6,"turns":7},{"damage":30,"enemies":"Lagavulin","floor":8,"turns":5},{"damage":22,"enemies":"Gremlin Gang","floor":11,"turns":3},{"damage":15,"enemies":"Lots of Slimes","floor":13,"turns":5},{"damage":0,"enemies":"3 Sentries","floor":14,"turns":2}],"seed_played":"2489355675854402457","potions_obtained":[{"floor":1,"key":"SkillPotion"},{"floor":2,"key":"Regen Potion"},{"floor":8,"key":"PowerPotion"}],"is_trial":false,"path_per_floor":["M","M","$","M","?","E","R","E","T","R","M","?","M","E"],"character_chosen":"DEFECT","basemod:card_modifiers":[null,null,null,null,null,null,null,null,null,null,null,null,null,null],"items_purchased":[],"campfire_rested":2,"item_purchase_floors":[],"current_hp_per_floor":[68,68,68,68,68,23,45,15,15,37,15,15,14,14],"gold":157,"neow_bonus":"THREE_ENEMY_KILL","is_prod":false,"is_daily":false,"chose_seed":false,"campfire_upgraded":0,"win_rate":0,"timestamp":1708528513,"path_taken":["M","M","$","?","?","E","R","E","T","R","?","?","M","E"],"build_version":"2022-12-18","purchased_purges":1,"victory":false,"max_hp_per_floor":[75,75,75,75,75,75,75,75,75,75,75,75,75,75],"relic_stats":{"counters":[8,25],"The Courier":0,"Art of War":[3],"Whetstone":["Streamline","Strike_B"],"obtain_stats":[{"NeowsBlessing":0,"The Courier":8,"Art of War":6,"Whetstone":9,"Cracked Core":0},{"NeowsBlessing":0,"The Courier":5,"Art of War":4,"Whetstone":5,"Cracked Core":0},{"NeowsBlessing":0,"The Courier":15,"Art of War":10,"Whetstone":15,"Cracked Core":0}]},"card_choices":[{"not_picked":["Turbo","Compile Driver"],"picked":"Streamline","floor":1},{"not_picked":["Compile Driver","Gash"],"picked":"Barrage","floor":2},{"not_picked":["Stack","Steam","Blizzard"],"picked":"SKIP","floor":4},{"not_picked":["Sunder","Leap"],"picked":"Sweeping Beam","floor":6},{"not_picked":["Turbo","Storm","Darkness"],"picked":"SKIP","floor":8},{"not_picked":["Gash","Steam","Go for the Eyes"],"picked":"SKIP","floor":11},{"not_picked":["Force Field","Defragment"],"picked":"Cold Snap","floor":13}],"player_experience":624119,"relics_obtained":[{"floor":6,"key":"Art of War"},{"floor":8,"key":"The Courier"},{"floor":9,"key":"Whetstone"}],"event_choices":[{"damage_healed":0,"gold_gain":0,"cards_transformed":["Defend_B"],"player_choice":"Transformed","damage_taken":0,"max_hp_gain":0,"max_hp_loss":0,"event_name":"Transmorgrifier","floor":5,"gold_loss":0,"cards_obtained":["Biased Cognition"]},{"damage_healed":0,"gold_gain":0,"player_choice":"Upgraded","damage_taken":0,"max_hp_gain":0,"max_hp_loss":0,"event_name":"Upgrade Shrine","floor":12,"gold_loss":0,"cards_upgraded":["Biased Cognition"]}],"is_beta":false,"boss_relics":[],"items_purged_floors":[3],"is_endless":false,"potions_floor_spawned":[1,2,8],"killed_by":"3 Sentries","ascension_level":11}