{"gold_per_floor":[209,209,219,34,53,88,88,101,101,101,114,140,95],"floor_reached":13,"playtime":412,"items_purged":["Strike_B"],"score":152,"play_id":"2719f839-001a-487d-83ef-db1de24bbbb0","local_time":"20240320013807","is_ascension_mode":true,"campfire_choices":[{"data":"Coolheaded","floor":7,"key":"SMITH"},{"floor":10,"key":"REST"}],"neow_cost":"NONE","seed_source_timestamp":2499504068400,"circlet_count":0,"master_deck":["AscendersBane","Strike_B","Strike_B","Strike_B","Defend_B","Defend_B","Defend_B","Defend_B","Zap","Dualcast","Compile Driver","Rebound","Streamline","Recycle","Coolheaded+1","Compile Driver","Coolheaded","Sunder"],"relics":["Cracked Core","The Courier","Ornamental Fan","Cables","Potion Belt"],"potions_floor_usage":[12,12],"damage_taken":[{"damage":7,"enemies":"Jaw Worm","floor":1,"turns":4},{"damage":1,"enemies":"Cultist","floor":3,"turns":3},{"damage":3,"enemies":"Small Slimes","floor":5,"turns":5},{"damage":44,"enemies":"Lagavulin","floor":6,"turns":6},{"damage":6,"enemies":"Looter","floor":8,"turns":4},{"damage":7,"enemies":"Blue Slaver","floor":11,"turns":3},{"damage":26,"enemies":"3 Sentries","floor":12,"turns":7},{"damage":13,"enemies":"Exordium Thugs","floor":13,"turns":3}],"seed_played":"7150239578893951969","potions_obtained":[{"floor":1,"key":"Weak Potion"},{"floor":6,"key":"Regen Potion"},{"floor":11,"key":"PowerPotion"},{"floor":12,"key":"Strength Potion"}],"is_trial":false,"path_per_floor":["M","?","M","$","M","E","R","M","T","R","M","E","M"],"character_chosen":"DEFECT","basemod:card_modifiers":[null,null,null,null,null,null,null,null,null,null,null,null,null,null,null,null,null,null],"items_purchased":["Streamline","Recycle","Coolheaded"],"campfire_rested":1,"item_purchase_floors":[4,4,4],"current_hp_per_floor":[61,61,60,60,57,13,13,7,7,29,22,11,0],"gold":95,"neow_bonus":"HUNDRED_GOLD","is_prod":false,"is_daily":false,"chose_seed":false,"campfire_upgraded":1,"win_rate":0,"timestamp":1710866287,"path_taken":["M","?","M","$","?","E","R","M","T","R","M","E","M"],"build_version":"2022-12-18","purchased_purges":1,"victory":false,"max_hp_per_floor":[75,75,75,75,75,75,75,75,75,75,75,75,75],"relic_stats":{"counters":[8,34],"Ornamental Fan":[0],"The Courier":46,"obtain_stats":[{"Potion Belt":12,"Ornamental Fan":6,"The Courier":2,"Cracked Core":0,"Cables":9},{"Potion Belt":7,"Ornamental Fan":4,"The Courier":1,"Cracked Core":0,"Cables":5},{"Potion Belt":31,"Ornamental Fan":18,"The Courier":4,"Cracked Core":0,"Cables":22}],"Cables":[11,9,2,0,0]},"card_choices":[{"not_picked":["Leap","Stack"],"picked":"Compile Driver","floor":1},{"not_picked":["Force Field","Darkness"],"picked":"Rebound","floor":3},{"not_picked":["Fission","Auto Shields"],"picked":"Compile Driver","floor":5},{"not_picked":["Go for the Eyes","Sweeping Beam"],"picked":"Coolheaded","floor":6},{"not_picked":["Go for the Eyes","Rebound"],"picked":"Sunder","floor":8},{"not_picked":["Fusion","Consume","Creative AI"],"picked":"SKIP","floor":11},{"not_picked":["Multi-Cast","Consume","Hello World"],"picked":"SKIP","floor":12}],"player_experience":630854,"relics_obtained":[{"floor":6,"key":"Ornamental Fan"},{"floor":9,"key":"Cables"},{"floor":12,"key":"Potion Belt"}],"event_choices":[{"damage_healed":0,"gold_gain":0,"player_choice":"Gave Potion","damage_taken":0,"relics_obtained":["The Courier"],"max_hp_gain":0,"max_hp_loss":0,"event_name":"WeMeetAgain","floor":2,"gold_loss":0}],"is_beta":false,"boss_relics":[],"items_purged_floors":[4],"is_endless":false,"potions_floor_spawned":[1,6,11,12],"killed_by":"Exordium Thugs","ascension_level":12}