{"gold_per_floor":[116,116,132,132,207,242,264,264,290,64,89,122,122,72,72,72],"floor_reached":16,"playtime":341,"items_purged":["Defend_B"],"score":206,"play_id":"ac563a95-2766-42b0-91c0-2707c913a56b","local_time":"20240320014355","is_ascension_mode":true,"campfire_choices":[{"floor":8,"key":"REST"},{"floor":13,"key":"REST"},{"data":"Zap","floor":15,"key":"SMITH"}],"neow_cost":"NONE","seed_source_timestamp":2918582774600,"circlet_count":0,"master_deck":["AscendersBane","Strike_B+1","Strike_B+1","Strike_B","Strike_B","Defend_B","Defend_B","Zap+1","Dualcast","Hologram","Conserve Battery","Genetic Algorithm","Rebound","Streamline","Reinforced Body","Barrage","Turbo","Beam Cell","Ball Lightning"],"relics":["Cracked Core","NeowsBlessing","Lantern","DataDisk","Odd Mushroom","Oddly Smooth Stone","Orrery","Whetstone","Bronze Scales"],"potions_floor_usage":[7,12],"damage_taken":[{"damage":0,"enemies":"Small Slimes","floor":1,"turns":1},{"damage":0,"enemies":"2 Louse","floor":3,"turns":1},{"damage":0,"enemies":"3 Sentries","floor":6,"turns":2},{"damage":29,"enemies":"The Mushroom Lair","floor":7,"turns":5},{"damage":22,"enemies":"Gremlin Nob","floor":12,"turns":5},{"damage":28,"enemies":"The Guardian","floor":16,"turns":5}],"seed_played":"1448135041762388608","potions_obtained":[{"floor":1,"key":"Weak Potion"},{"floor":3,"key":"Strength Potion"}],"is_trial":false,"path_per_floor":["M","?","M","?","?","E","?","R","T","$","T","E","R","$","R","B"],"character_chosen":"DEFECT","basemod:card_modifiers":[null,null,null,null,null,null,null,null,null,null,null,null,null,null,null,null,null,null,null],"items_purchased":["Orrery","Ball Lightning"],"campfire_rested":2,"item_purchase_floors":[10,14],"current_hp_per_floor":[68,50,50,43,32,32,3,25,25,25,25,3,25,25,25,0],"gold":72,"neow_bonus":"THREE_ENEMY_KILL","is_prod":false,"is_daily":false,"chose_seed":false,"campfire_upgraded":1,"win_rate":0,"timestamp":1710866635,"path_taken":["M","?","M","?","?","E","?","R","T","$","?","E","R","?","R","BOSS"],"build_version":"2022-12-18","purchased_purges":1,"victory":false,"max_hp_per_floor":[75,75,75,75,75,75,75,75,75,75,75,75,75,75,75,75],"relic_stats":{"counters":[6,19],"Bronze Scales":[18],"Whetstone":["Strike_B","Strike_B"],"obtain_stats":[{"Lantern":2,"DataDisk":6,"NeowsBlessing":0,"Bronze Scales":12,"Oddly Smooth Stone":9,"Orrery":10,"Whetstone":11,"Odd Mushroom":7,"Cracked Core":0},{"Lantern":1,"DataDisk":3,"NeowsBlessing":0,"Bronze Scales":5,"Oddly Smooth Stone":4,"Orrery":4,"Whetstone":4,"Odd Mushroom":4,"Cracked Core":0},{"Lantern":1,"DataDisk":4,"NeowsBlessing":0,"Bronze Scales":14,"Oddly Smooth Stone":9,"Orrery":9,"Whetstone":9,"Odd Mushroom":9,"Cracked Core":0}]},"card_choices":[{"not_picked":["Redo","Rip and Tear"],"picked":"Hologram","floor":1},{"not_picked":["Chill","Storm"],"picked":"Conserve Battery","floor":3},{"not_picked":["Heatsinks","Recycle"],"picked":"Genetic Algorithm","floor":6},{"not_picked":["Steam Power","Conserve Battery"],"picked":"Rebound","floor":7},{"not_picked":["Conserve Battery","Capacitor"],"picked":"Streamline","floor":10},{"not_picked":["Hello World","Double Energy"],"picked":"Reinforced Body","floor":10},{"not_picked":["Blizzard","Redo"],"picked":"Barrage","floor":10},{"not_picked":["Go for the Eyes","Static Discharge"],"picked":"Turbo","floor":10},{"not_picked":["Hologram","BootSequence"],"picked":"Beam Cell","floor":12}],"player_experience":631266,"relics_obtained":[{"floor":6,"key":"DataDisk"},{"floor":7,"key":"Odd Mushroom"},{"floor":9,"key":"Oddly Smooth Stone"},{"floor":11,"key":"Whetstone"},{"floor":12,"key":"Bronze Scales"}],"event_choices":[{"damage_healed":0,"gold_gain":0,"player_choice":"Success","damage_taken":18,"relics_obtained":["Lantern"],"max_hp_gain":0,"max_hp_loss":0,"event_name":"Scrap Ooze","floor":2,"gold_loss":0},{"cards_removed":["Defend_B"],"damage_healed":0,"gold_gain":0,"player_choice":"Card Removal","damage_taken":7,"max_hp_gain":0,"max_hp_loss":0,"event_name":"Golden Wing","floor":4,"gold_loss":0},{"damage_healed":0,"gold_gain":75,"player_choice":"Gather Gold","damage_taken":11,"max_hp_gain":0,"max_hp_loss":0,"event_name":"World of Goop","floor":5,"gold_loss":0},{"damage_healed":0,"gold_gain":0,"player_choice":"Fought Mushrooms","damage_taken":0,"max_hp_gain":0,"max_hp_loss":0,"event_name":"Mushrooms","floor":7,"gold_loss":0}],"is_beta":false,"boss_relics":[],"items_purged_floors":[10],"is_endless":false,"potions_floor_spawned":[1,3,6],"killed_by":"The Guardian","ascension_level":12}