{"gold_per_floor":[119,69,80,80,94,94,12,43,43,43,66,80,105,125,125,249,249,263,263,362,47,61,95,116,157,157,157,196,211,252,252],"floor_reached":31,"playtime":994,"items_purged":[],"score":547,"play_id":"5ec384ef-0200-4036-9eec-d636d60ba4b9","local_time":"20240320020115","is_ascension_mode":true,"campfire_choices":[{"data":"Barrage","floor":6.0,"key":"SMITH"},{"data":"Beam Cell","floor":15.0,"key":"SMITH"}],"neow_cost":"NONE","seed_source_timestamp":3293633867300,"circlet_count":0,"master_deck":["AscendersBane","Strike_B","Strike_B","Defend_B","Defend_B","Defend_B","Zap","Dualcast","Conserve Battery","Barrage+1","Sunder","Streamline","Reinforced Body+1","Coolheaded+1","Beam Cell+1","Electrodynamics","Undo+1","Apotheosis+1","Aggregate+1","Hologram+1","Force Field+1","Turbo+1","Sunder","Skim+1"],"special_seed":0,"relics":["Cracked Core","NeowsBlessing","Golden Idol","Toxic Egg 2","Pear","Snecko Eye","Pantograph","Calipers","Blood Vial","Dead Branch","Shuriken"],"potions_floor_usage":[30],"damage_taken":[{"damage":0.0,"enemies":"Small Slimes","floor":1.0,"turns":1.0},{"damage":0.0,"enemies":"Jaw Worm","floor":3.0,"turns":1.0},{"damage":0.0,"enemies":"2 Louse","floor":5.0,"turns":1.0},{"damage":9.0,"enemies":"Gremlin Nob","floor":8.0,"turns":3.0},{"damage":9.0,"enemies":"Red Slaver","floor":11.0,"turns":3.0},{"damage":0.0,"enemies":"Looter","floor":12.0,"turns":3.0},{"damage":0.0,"enemies":"3 Louse","floor":13.0,"turns":3.0},{"damage":0.0,"enemies":"2 Fungi Beasts","floor":14.0,"turns":3.0},{"damage":38.0,"enemies":"The Guardian","floor":16.0,"turns":14.0},{"damage":0.0,"enemies":"Chosen","floor":18.0,"turns":4.0},{"damage":0.0,"enemies":"Shell Parasite","floor":22.0,"turns":3.0},{"damage":3.0,"enemies":"Gremlin Leader","floor":23.0,"turns":4.0},{"damage":0.0,"enemies":"Snecko","floor":24.0,"turns":4.0},{"damage":15.0,"enemies":"Slavers","floor":25.0,"turns":4.0},{"damage":18.0,"enemies":"Book of Stabbing","floor":28.0,"turns":5.0},{"damage":29.0,"enemies":"Shelled Parasite and Fungi","floor":29.0,"turns":5.0},{"damage":0,"enemies":"Slavers","floor":30,"turns":5},{"damage":13,"enemies":"Centurion and Healer","floor":31,"turns":1}],"seed_played":"-4137600565360534508","potions_obtained":[{"floor":3.0,"key":"FearPotion"},{"floor":8.0,"key":"Energy Potion"},{"floor":11.0,"key":"LiquidMemories"},{"floor":14.0,"key":"Dexterity Potion"},{"floor":24.0,"key":"ColorlessPotion"},{"floor":28.0,"key":"PowerPotion"}],"is_trial":false,"path_per_floor":["M","?","M","?","M","R","$","E","T","?","M","M","M","M","R","B",null,"M","?","?","$","M","E","M","E","T","?","E","M","E","M"],"character_chosen":"DEFECT","basemod:card_modifiers":[null,null,null,null,null,null,null,null,null,null,null,null,null,null,null,null,null,null,null,null,null,null,null,null],"items_purchased":["Sunder","Apotheosis+1","Aggregate+1","GamblersBrew"],"campfire_rested":0,"item_purchase_floors":[7,21,21,21],"current_hp_per_floor":[68,68,68,50,50,50,50,41,51,51,42,42,42,42,42,4,65,65,65,65,65,65,62,62,47,47,47,31,4,6,0],"gold":252,"neow_bonus":"THREE_ENEMY_KILL","is_prod":false,"is_daily":false,"chose_seed":false,"campfire_upgraded":2,"win_rate":0,"timestamp":1710867675,"path_taken":["M","?","M","?","M","R","$","E","T","?","M","M","M","M","R","BOSS","M","?","?","$","M","E","M","E","T","?","E","M","E","M"],"build_version":"2022-12-18","purchased_purges":0,"victory":false,"max_hp_per_floor":[75,75,75,75,75,75,75,75,85,85,85,85,85,85,85,85,85,85,85,85,85,85,85,85,85,85,85,85,85,85,85],"relic_stats":{"Blood Vial":8,"Calipers":[72],"counters":[18,67],"Golden Idol":95,"Shuriken":[0],"Pantograph":0,"Dead Branch":[4],"Snecko Eye":[50,57,74,52,-56],"obtain_stats":[{"Blood Vial":25,"Pear":9,"Calipers":23,"NeowsBlessing":0,"Golden Idol":4,"Shuriken":30,"Pantograph":19,"Dead Branch":28,"Snecko Eye":17,"Toxic Egg 2":8,"Cracked Core":0},{"Blood Vial":14,"Pear":4,"Calipers":12,"NeowsBlessing":0,"Golden Idol":2,"Shuriken":17,"Pantograph":10,"Dead Branch":15,"Snecko Eye":9,"Toxic Egg 2":4,"Cracked Core":0},{"Blood Vial":51,"Pear":6,"Calipers":43,"NeowsBlessing":0,"Golden Idol":2,"Shuriken":66,"Pantograph":36,"Dead Branch":56,"Snecko Eye":32,"Toxic Egg 2":6,"Cracked Core":0}]},"card_choices":[{"not_picked":["Coolheaded","Steam","Turbo"],"picked":"SKIP","floor":1.0},{"not_picked":["Scrape","Go for the Eyes"],"picked":"Conserve Battery","floor":3.0},{"not_picked":["Sweeping Beam","Meteor Strike"],"picked":"Barrage","floor":5.0},{"not_picked":["Compile Driver","Steam+1"],"picked":"Streamline","floor":8.0},{"not_picked":["Streamline","Turbo+1"],"picked":"Coolheaded+1","floor":11.0},{"not_picked":["Hello World","FTL","Storm"],"picked":"SKIP","floor":12.0},{"not_picked":["Leap+1","Ball Lightning"],"picked":"Beam Cell","floor":13.0},{"not_picked":["Heatsinks","Double Energy+1","BootSequence+1"],"picked":"SKIP","floor":14.0},{"not_picked":["Thunder Strike","Reboot+1"],"picked":"Electrodynamics","floor":16.0},{"not_picked":["Go for the Eyes","Conserve Battery+1"],"picked":"Undo+1","floor":18.0},{"not_picked":["Heatsinks","Go for the Eyes"],"picked":"Hologram+1","floor":22.0},{"not_picked":["Blizzard","Lockon"],"picked":"Force Field+1","floor":23.0},{"not_picked":["Barrage+1","Sweeping Beam"],"picked":"Turbo+1","floor":24.0},{"not_picked":["Rip and Tear","Heatsinks"],"picked":"Sunder","floor":25.0},{"not_picked":["Undo+1","Stack+1"],"picked":"Skim+1","floor":28.0},{"not_picked":["Gash","Turbo+1","Darkness+1"],"picked":"SKIP","floor":29.0},{"not_picked":["Gash","Heatsinks","Tempest+1"],"picked":"SKIP","floor":30}],"player_experience":631607,"relics_obtained":[{"floor":8.0,"key":"Toxic Egg 2"},{"floor":9.0,"key":"Pear"},{"floor":23.0,"key":"Calipers"},{"floor":25.0,"key":"Blood Vial"},{"floor":28.0,"key":"Dead Branch"},{"floor":30,"key":"Shuriken"}],"event_choices":[{"cards_removed":["Defend_B"],"damage_healed":0.0,"max_hp_gain":0.0,"max_hp_loss":0.0,"gold_gain":0.0,"event_name":"The Cleric","player_choice":"Card Removal","floor":2.0,"gold_loss":50.0,"damage_taken":0.0},{"damage_healed":0.0,"max_hp_gain":0.0,"max_hp_loss":0.0,"gold_gain":0.0,"event_name":"Golden Idol","player_choice":"Take Damage","floor":4.0,"gold_loss":0.0,"damage_taken":18.0,"relics_obtained":["Golden Idol"]},{"damage_healed":0.0,"max_hp_gain":0.0,"max_hp_loss":0.0,"gold_gain":0.0,"cards_transformed":["Strike_B"],"event_name":"Transmorgrifier","player_choice":"Transformed","floor":10.0,"gold_loss":0.0,"damage_taken":0.0,"cards_obtained":["Reinforced Body"]},{"damage_healed":0.0,"max_hp_gain":0.0,"max_hp_loss":0.0,"gold_gain":0.0,"event_name":"The Mausoleum","player_choice":"Opened","floor":19.0,"gold_loss":0.0,"damage_taken":0.0,"relics_obtained":["Pantograph"]},{"damage_healed":0.0,"max_hp_gain":0.0,"max_hp_loss":0.0,"gold_gain":99.0,"event_name":"Nest","player_choice":"Stole From Cult","floor":20.0,"gold_loss":0.0,"damage_taken":0.0},{"cards_removed":["Strike_B"],"damage_healed":0.0,"max_hp_gain":0.0,"max_hp_loss":0.0,"gold_gain":0.0,"event_name":"Back to Basics","player_choice":"Elegance","floor":27.0,"gold_loss":0.0,"damage_taken":0.0}],"is_beta":false,"boss_relics":[{"not_picked":["Empty Cage","SlaversCollar"],"picked":"Snecko Eye"}],"items_purged_floors":[],"is_endless":false,"potions_floor_spawned":[3,8,11,13,14,24,28],"killed_by":"Centurion and Healer","ascension_level":12}