{"gold_per_floor":[119,131,141,151,169,169,196,196,276,276,295,295,312,312,312,385,385,395,320,72,84,84,84,84,100,100,14,25,40,50,64,64,140,140,152,170,187,10,25,25,25],"floor_reached":41,"playtime":1508,"items_purged":["Strike_G","Strike_G"],"score":877,"play_id":"2bf0b023-bc70-48d5-b489-4ce8643d4c76","local_time":"20240401184311","is_ascension_mode":true,"campfire_choices":[{"floor":6.0,"key":"REST"},{"data":"Bouncing Flask","floor":8.0,"key":"SMITH"},{"floor":10.0,"key":"REST"},{"data":"Catalyst","floor":12.0,"key":"SMITH"},{"data":"Well Laid Plans","floor":15.0,"key":"SMITH"},{"data":"Night Terror","floor":24.0,"key":"SMITH"},{"data":"Footwork","floor":32.0,"key":"SMITH"},{"data":"Prepared","floor":40,"key":"SMITH"}],"neow_cost":"PERCENT_DAMAGE","seed_source_timestamp":8026217253100,"circlet_count":0,"master_deck":["AscendersBane","Strike_G","Strike_G","Defend_G","Defend_G","Defend_G","Defend_G","Defend_G","Survivor","Neutralize","Bouncing Flask+1","Catalyst+1","Poisoned Stab","Reflex","Deflect","Well Laid Plans+1","Night Terror+1","Escape Plan","Footwork+1","PiercingWail","Catalyst+1","Prepared+1","Footwork"],"special_seed":0,"relics":["Ring of the Snake","Tingsha","Lizard Tail","Singing Bowl","Coffee Dripper","ClockworkSouvenir","Meat on the Bone","Runic Pyramid"],"potions_floor_usage":[36,41],"damage_taken":[{"damage":5.0,"enemies":"Jaw Worm","floor":1.0,"turns":4.0},{"damage":3.0,"enemies":"Small Slimes","floor":2.0,"turns":5.0},{"damage":0.0,"enemies":"Cultist","floor":3.0,"turns":3.0},{"damage":11.0,"enemies":"3 Louse","floor":4.0,"turns":4.0},{"damage":11.0,"enemies":"Exordium Wildlife","floor":5.0,"turns":7.0},{"damage":13.0,"enemies":"Lagavulin","floor":7.0,"turns":5.0},{"damage":13.0,"enemies":"Exordium Thugs","floor":11.0,"turns":5.0},{"damage":0.0,"enemies":"Red Slaver","floor":13.0,"turns":3.0},{"damage":2.0,"enemies":"Hexaghost","floor":16.0,"turns":7.0},{"damage":30.0,"enemies":"Shell Parasite","floor":18.0,"turns":7.0},{"damage":15.0,"enemies":"Spheric Guardian","floor":21.0,"turns":4.0},{"damage":15.0,"enemies":"Snake Plant","floor":25.0,"turns":4.0},{"damage":7.0,"enemies":"Chosen and Byrds","floor":28.0,"turns":6.0},{"damage":0.0,"enemies":"Snecko","floor":29.0,"turns":4.0},{"damage":7.0,"enemies":"Sentry and Sphere","floor":30.0,"turns":7.0},{"damage":16.0,"enemies":"Snake Plant","floor":31.0,"turns":7.0},{"damage":9.0,"enemies":"Champ","floor":33.0,"turns":7.0},{"damage":29,"enemies":"3 Darklings","floor":35,"turns":13},{"damage":0,"enemies":"Orb Walker","floor":36,"turns":3},{"damage":22,"enemies":"4 Shapes","floor":37,"turns":8},{"damage":0,"enemies":"Spire Growth","floor":39,"turns":4},{"damage":11,"enemies":"Reptomancer","floor":41,"turns":2}],"seed_played":"-5800807088803999545","potions_obtained":[{"floor":3.0,"key":"EntropicBrew"},{"floor":4.0,"key":"Fire Potion"},{"floor":5.0,"key":"EssenceOfSteel"},{"floor":13.0,"key":"Dexterity Potion"},{"floor":18.0,"key":"EssenceOfSteel"},{"floor":21.0,"key":"GamblersBrew"},{"floor":29.0,"key":"Ancient Potion"},{"floor":31.0,"key":"SteroidPotion"},{"floor":36,"key":"SneckoOil"}],"is_trial":false,"path_per_floor":["M","M","M","M","M","R","E","R","T","R","M","R","M","?","R","B",null,"M","?","$","M","$","?","R","M","T","$","M","M","M","M","R","B",null,"M","M","M","$","M","R","E"],"character_chosen":"THE_SILENT","basemod:card_modifiers":[null,null,null,null,null,null,null,null,null,null,null,null,null,null,null,null,null,null,null,null,null,null,null],"items_purchased":["ClockworkSouvenir","Footwork","PiercingWail","Footwork"],"campfire_rested":2,"item_purchase_floors":[20,27,27,38],"current_hp_per_floor":[39,36,36,25,14,33,20,20,20,39,28,28,28,50,50,48,63,35,35,35,20,20,34,34,21,21,21,28,42,49,47,47,52,75,46,46,38,38,52,52,41],"gold":25,"neow_bonus":"ONE_RARE_RELIC","is_prod":false,"is_daily":false,"chose_seed":false,"campfire_upgraded":6,"win_rate":0,"timestamp":1711964591,"path_taken":["M","M","M","M","M","R","E","R","T","R","M","R","M","?","R","BOSS","M","?","$","M","$","?","R","M","T","?","M","M","M","?","R","BOSS","M","?","M","$","M","R","E"],"build_version":"2022-12-18","purchased_purges":2,"victory":false,"max_hp_per_floor":[66,66,66,66,66,66,66,66,66,66,68,68,68,68,68,68,68,70,70,70,70,70,70,70,72,72,72,74,76,78,80,80,82,82,82,82,84,84,86,86,86],"relic_stats":{"Lizard Tail":0,"Singing Bowl":20,"counters":[22,119],"Tingsha":[80],"obtain_stats":[{"Lizard Tail":7,"Singing Bowl":9,"Tingsha":0,"Coffee Dripper":17,"Ring of the Snake":0,"ClockworkSouvenir":20,"Meat on the Bone":26,"Runic Pyramid":34},{"Lizard Tail":6,"Singing Bowl":6,"Tingsha":0,"Coffee Dripper":9,"Ring of the Snake":0,"ClockworkSouvenir":10,"Meat on the Bone":12,"Runic Pyramid":17},{"Lizard Tail":28,"Singing Bowl":28,"Tingsha":0,"Coffee Dripper":43,"Ring of the Snake":0,"ClockworkSouvenir":50,"Meat on the Bone":58,"Runic Pyramid":89}],"Ring of the Snake":[44],"Meat on the Bone":84},"card_choices":[{"not_picked":["Deflect","Skewer"],"picked":"Bouncing Flask","floor":1.0},{"not_picked":["Cloak And Dagger","Predator"],"picked":"Catalyst","floor":2.0},{"not_picked":["Bane","Slice"],"picked":"Poisoned Stab","floor":3.0},{"not_picked":["Concentrate","Tactician"],"picked":"Reflex","floor":4.0},{"not_picked":["Poisoned Stab","Backflip"],"picked":"Deflect","floor":5.0},{"not_picked":["Dagger Throw","Bane","Malaise"],"picked":"SKIP","floor":7.0},{"not_picked":["Outmaneuver","Predator","Prepared"],"picked":"Singing Bowl","floor":11.0},{"not_picked":["Underhanded Strike","Dagger Spray"],"picked":"Well Laid Plans","floor":13.0},{"not_picked":["Phantasmal Killer","Die Die Die"],"picked":"Night Terror","floor":16.0},{"not_picked":["Prepared","Quick Slash","Deflect"],"picked":"Singing Bowl","floor":18.0},{"not_picked":["Choke","Reflex"],"picked":"Escape Plan","floor":21.0},{"not_picked":["Setup","Underhanded Strike","Slice"],"picked":"Singing Bowl","floor":25.0},{"not_picked":["Sucker Punch","Noxious Fumes","PiercingWail"],"picked":"Singing Bowl","floor":28.0},{"not_picked":["All Out Attack","Quick Slash","Outmaneuver"],"picked":"Singing Bowl","floor":29.0},{"not_picked":["Eviscerate","Finisher","Phantasmal Killer"],"picked":"Singing Bowl","floor":30.0},{"not_picked":["Dagger Throw","Accuracy","All Out Attack"],"picked":"Singing Bowl","floor":31.0},{"not_picked":["After Image","Die Die Die","Tools of the Trade"],"picked":"Singing Bowl","floor":33.0},{"not_picked":["Terror+1","Predator+1"],"picked":"Catalyst+1","floor":35},{"not_picked":["Deadly Poison+1","Blade Dance"],"picked":"Prepared","floor":36},{"not_picked":["Distraction","Dash","Riddle With Holes"],"picked":"Singing Bowl","floor":37},{"not_picked":["Slice+1","Dash+1","Blade Dance+1"],"picked":"Singing Bowl","floor":39}],"player_experience":647788,"relics_obtained":[{"floor":7.0,"key":"Lizard Tail"},{"floor":9.0,"key":"Singing Bowl"},{"floor":26.0,"key":"Meat on the Bone"}],"event_choices":[{"damage_healed":22.0,"max_hp_gain":0.0,"max_hp_loss":0.0,"gold_gain":0.0,"event_name":"Big Fish","player_choice":"Banana","floor":14.0,"gold_loss":0.0,"damage_taken":0.0},{"cards_removed":["Strike_G"],"damage_healed":0.0,"max_hp_gain":0.0,"max_hp_loss":0.0,"gold_gain":0.0,"event_name":"Beggar","player_choice":"Gave Gold","floor":19.0,"gold_loss":75.0,"damage_taken":0.0},{"damage_healed":14.0,"max_hp_gain":0.0,"max_hp_loss":0.0,"gold_gain":0.0,"event_name":"The Library","player_choice":"Heal","floor":23.0,"gold_loss":0.0,"damage_taken":0.0}],"is_beta":false,"boss_relics":[{"not_picked":["Ectoplasm","Fusion Hammer"],"picked":"Coffee Dripper"},{"not_picked":["SlaversCollar","SacredBark"],"picked":"Runic Pyramid"}],"items_purged_floors":[20,38],"is_endless":false,"potions_floor_spawned":[3,4,5,13,18,21,29,31,35,36,37],"killed_by":"Reptomancer","ascension_level":20}