{"gold_per_floor":[19,19,39,39,60,60,80,96,96,137,149,161,209,221,233,374,386,417,429,454,19,40,40,76,11,37,70,94,110,110,72,72,191,191,211,211,232,252,265,265,304,304,357,375,394,425,488,512,512,512,512,512,27,63,63],"floor_reached":56,"playtime":1817,"items_purged":["Strike_B","Strike_B"],"score":1884,"play_id":"cfdc8f99-cb4a-443c-9284-be6d2431da15","local_time":"20240327004627","is_ascension_mode":true,"campfire_choices":[{"data":"Beam Cell","floor":6.0,"key":"SMITH"},{"floor":15.0,"key":"REST"},{"floor":23,"key":"REST"},{"data":"Heatsinks","floor":30,"key":"SMITH"},{"data":"Consume","floor":32,"key":"SMITH"},{"floor":40,"key":"RECALL"},{"floor":42,"key":"REST"},{"floor":49,"key":"REST"},{"floor":52,"key":"REST"}],"neow_cost":"NO_GOLD","seed_source_timestamp":6597922683100,"circlet_count":0,"master_deck":["AscendersBane","Strike_B","Defend_B","Defend_B","Defend_B","Defend_B","Zap","Dualcast","Beam Cell+1","Compile Driver","Compile Driver","Streamline","Core Surge","Biased Cognition","Consume+1","Biased Cognition","Chill","Loop","Self Repair","Reinforced Body","Electrodynamics","Heatsinks+1","Capacitor","Cold Snap","Biased Cognition","Compile Driver","Heatsinks","Glacier","Defragment","Heatsinks","Master of Strategy","PanicButton","Defragment","Capacitor","Static Discharge"],"special_seed":0,"relics":["Cracked Core","Bird Faced Urn","Golden Idol","Nunchaku","MawBank","Mummified Hand","The Courier","Inserter","OrangePellets","Anchor","PreservedInsect","Potion Belt","Question Card","Fusion Hammer","Eternal Feather","Cables","Prayer Wheel","Centennial Puzzle"],"potions_floor_usage":[24,24,24],"damage_taken":[{"damage":6.0,"enemies":"Jaw Worm","floor":1.0,"turns":4.0},{"damage":5.0,"enemies":"Small Slimes","floor":3.0,"turns":3.0},{"damage":0.0,"enemies":"2 Louse","floor":5.0,"turns":2.0},{"damage":7.0,"enemies":"Looter","floor":7.0,"turns":3.0},{"damage":15.0,"enemies":"Exordium Thugs","floor":8.0,"turns":5.0},{"damage":36.0,"enemies":"Gremlin Nob","floor":10.0,"turns":4.0},{"damage":30.0,"enemies":"3 Sentries","floor":13.0,"turns":6.0},{"damage":2.0,"enemies":"Slime Boss","floor":16.0,"turns":6.0},{"damage":42.0,"enemies":"2 Thieves","floor":18.0,"turns":4.0},{"damage":18.0,"enemies":"Shell Parasite","floor":20.0,"turns":4.0},{"damage":0,"enemies":"Cultist and Chosen","floor":22,"turns":6},{"damage":25,"enemies":"Book of Stabbing","floor":24,"turns":7},{"damage":1,"enemies":"Slavers","floor":27,"turns":6},{"damage":28,"enemies":"Snake Plant","floor":28,"turns":4},{"damage":13,"enemies":"Snecko","floor":29,"turns":3},{"damage":13,"enemies":"Automaton","floor":33,"turns":7},{"damage":0,"enemies":"3 Darklings","floor":35,"turns":5},{"damage":12,"enemies":"3 Shapes","floor":37,"turns":3},{"damage":6,"enemies":"Maw","floor":38,"turns":7},{"damage":0,"enemies":"Sphere and 2 Shapes","floor":39,"turns":2},{"damage":0,"enemies":"Reptomancer","floor":41,"turns":5},{"damage":0,"enemies":"Spire Growth","floor":44,"turns":4},{"damage":0,"enemies":"Transient","floor":45,"turns":5},{"damage":34,"enemies":"Nemesis","floor":46,"turns":5},{"damage":0,"enemies":"Mind Bloom Boss Battle","floor":47,"turns":3},{"damage":9,"enemies":"3 Darklings","floor":48,"turns":5},{"damage":62,"enemies":"Awakened One","floor":50,"turns":18},{"damage":24,"enemies":"Shield and Spear","floor":54,"turns":6},{"damage":22,"enemies":"The Heart","floor":55,"turns":7}],"seed_played":"-9039147418530295856","potions_obtained":[{"floor":1.0,"key":"FairyPotion"},{"floor":10.0,"key":"Fire Potion"},{"floor":16.0,"key":"Block Potion"},{"floor":20.0,"key":"EntropicBrew"},{"floor":24,"key":"Strength Potion"},{"floor":27,"key":"Explosive Potion"},{"floor":29,"key":"GamblersBrew"},{"floor":33,"key":"SpeedPotion"},{"floor":35,"key":"PotionOfCapacity"},{"floor":45,"key":"LiquidMemories"}],"is_trial":false,"path_per_floor":["M","?","M","?","M","R","M","M","T","E","?","?","E","T","R","B",null,"M","?","M","$","M","R","E","$","T","E","M","M","R","$","R","B",null,"M","?","M","M","M","R","E","R","T","M","M","E","?","M","R","B",null,"R","$","E","B",null],"character_chosen":"DEFECT","basemod:card_modifiers":[null,null,null,null,null,null,null,null,null,null,null,null,null,null,null,null,null,null,null,null,null,null,null,null,null,null,null,null,null,null,null,null,null,null,null],"items_purchased":["Loop","Self Repair","OrangePellets","Reinforced Body","Anchor","Heatsinks","Cold Snap","Heatsinks","Master of Strategy","PanicButton","Defragment","Capacitor"],"campfire_rested":5,"item_purchase_floors":[21,21,21,21,21,25,31,53,53,53,53,53],"current_hp_per_floor":[62,44,39,64,64,64,57,42,42,6,6,6,2,2,24,22,62,22,22,8,8,23,45,35,35,35,53,42,39,39,39,39,47,68,75,75,74,75,75,75,75,75,75,75,75,54,75,75,75,38,66,75,75,75,75],"gold":63,"neow_bonus":"ONE_RARE_RELIC","is_prod":false,"is_daily":false,"chose_seed":false,"campfire_upgraded":3,"win_rate":0,"timestamp":1711467987,"path_taken":["M","?","M","?","M","R","M","?","T","E","?","?","E","?","R","BOSS","M","?","M","?","M","R","E","$","T","E","?","M","R","$","R","BOSS","M","?","M","M","?","R","E","R","T","M","M","E","?","M","R","BOSS","R","$","E","BOSS"],"build_version":"2022-12-18","purchased_purges":2,"victory":true,"max_hp_per_floor":[75,75,75,75,75,75,75,75,75,75,75,75,75,75,75,75,75,75,75,75,75,75,75,75,75,75,75,75,75,75,75,75,75,75,75,75,75,75,75,75,75,75,75,75,75,75,75,75,75,75,75,75,75,75,75],"relic_stats":{"Inserter":[57],"counters":[29,148],"Golden Idol":227,"Eternal Feather":9,"The Courier":258,"PreservedInsect":231,"MawBank":132,"Question Card":15,"Cables":[39,19,20,0,0],"OrangePellets":[44],"Nunchaku":[23],"Centennial Puzzle":[3],"Mummified Hand":[168],"Bird Faced Urn":[166],"Prayer Wheel":1,"obtain_stats":[{"Potion Belt":26,"Inserter":17,"Golden Idol":2,"Eternal Feather":41,"The Courier":14,"PreservedInsect":24,"MawBank":10,"Question Card":27,"Cables":46,"OrangePellets":21,"Nunchaku":9,"Anchor":21,"Centennial Puzzle":54,"Mummified Hand":13,"Bird Faced Urn":0,"Prayer Wheel":47,"Fusion Hammer":34,"Cracked Core":0},{"Potion Belt":12,"Inserter":8,"Golden Idol":1,"Eternal Feather":21,"The Courier":7,"PreservedInsect":12,"MawBank":6,"Question Card":13,"Cables":24,"OrangePellets":10,"Nunchaku":5,"Anchor":10,"Centennial Puzzle":28,"Mummified Hand":7,"Bird Faced Urn":0,"Prayer Wheel":25,"Fusion Hammer":16,"Cracked Core":0},{"Potion Belt":54,"Inserter":33,"Golden Idol":4,"Eternal Feather":95,"The Courier":27,"PreservedInsect":54,"MawBank":21,"Question Card":60,"Cables":109,"OrangePellets":41,"Nunchaku":17,"Anchor":41,"Centennial Puzzle":141,"Mummified Hand":27,"Bird Faced Urn":0,"Prayer Wheel":112,"Fusion Hammer":74,"Cracked Core":0}]},"card_choices":[{"not_picked":["Genetic Algorithm","Stack"],"picked":"Beam Cell","floor":1.0},{"not_picked":["Turbo","Coolheaded"],"picked":"Compile Driver","floor":3.0},{"not_picked":["Tempest","Stack","Compile Driver"],"picked":"SKIP","floor":5.0},{"not_picked":["Tempest","Stack"],"picked":"Compile Driver","floor":5.0},{"not_picked":["Heatsinks","Redo","Leap"],"picked":"SKIP","floor":7.0},{"not_picked":["Hello World","Steam"],"picked":"Streamline","floor":8.0},{"not_picked":["White Noise","Go for the Eyes"],"picked":"Core Surge","floor":10.0},{"not_picked":["Core Surge","Barrage","Go for the Eyes"],"picked":"SKIP","floor":13.0},{"not_picked":["Multi-Cast","Reboot"],"picked":"Biased Cognition","floor":16.0},{"not_picked":["Gash","Ball Lightning"],"picked":"Consume","floor":18.0},{"not_picked":["Stack","Barrage"],"picked":"Chill","floor":20.0},{"not_picked":["Ball Lightning","Turbo","Hello World"],"picked":"SKIP","floor":22},{"not_picked":["Steam+1","Beam Cell"],"picked":"Electrodynamics","floor":24},{"not_picked":["Storm","Rip and Tear","Beam Cell+1"],"picked":"SKIP","floor":27},{"not_picked":["Stack+1","Defragment","Sweeping Beam"],"picked":"Capacitor","floor":28},{"not_picked":["Stack","Go for the Eyes","Double Energy","Conserve Battery"],"picked":"SKIP","floor":29},{"not_picked":["Electrodynamics","Reboot","Machine Learning"],"picked":"Biased Cognition","floor":33},{"not_picked":["Chill","Cold Snap","Conserve Battery"],"picked":"Compile Driver","floor":35},{"not_picked":["Rebound","Static Discharge+1","Barrage","Steam Power"],"picked":"SKIP","floor":37},{"not_picked":["Double Energy","Tempest","Leap"],"picked":"Heatsinks","floor":38},{"not_picked":["Gash+1","Loop","Sweeping Beam+1"],"picked":"Glacier","floor":39},{"not_picked":["BootSequence","Darkness+1","Double Energy","Rebound+1"],"picked":"SKIP","floor":41},{"not_picked":["Gash","Rebound","Leap","Sweeping Beam"],"picked":"SKIP","floor":44},{"not_picked":["Turbo","Gash","Conserve Battery","Cold Snap"],"picked":"SKIP","floor":45},{"not_picked":["Storm","White Noise+1","Fusion","Go for the Eyes"],"picked":"SKIP","floor":46},{"not_picked":["Turbo","Thunder Strike","Redo"],"picked":"Defragment","floor":48},{"not_picked":["Cold Snap+1","Rebound","Rip and Tear","Streamline"],"picked":"SKIP","floor":48},{"not_picked":["Double Energy+1","Beam Cell","Turbo"],"picked":"Static Discharge","floor":54}],"player_experience":639483,"relics_obtained":[{"floor":9.0,"key":"Nunchaku"},{"floor":10.0,"key":"MawBank"},{"floor":13.0,"key":"Mummified Hand"},{"floor":14.0,"key":"The Courier"},{"floor":24,"key":"PreservedInsect"},{"floor":26,"key":"Potion Belt"},{"floor":27,"key":"Question Card"},{"floor":41,"key":"Eternal Feather"},{"floor":46,"key":"Cables"},{"floor":47,"key":"Prayer Wheel"},{"floor":54,"key":"Centennial Puzzle"}],"event_choices":[{"damage_healed":0.0,"max_hp_gain":0.0,"max_hp_loss":0.0,"gold_gain":0.0,"event_name":"Golden Idol","player_choice":"Take Damage","floor":2.0,"gold_loss":0.0,"damage_taken":18.0,"relics_obtained":["Golden Idol"]},{"damage_healed":25.0,"max_hp_gain":0.0,"max_hp_loss":0.0,"gold_gain":0.0,"event_name":"Big Fish","player_choice":"Banana","floor":4.0,"gold_loss":0.0,"damage_taken":0.0},{"cards_removed":["Strike_B"],"damage_healed":0.0,"max_hp_gain":0.0,"max_hp_loss":0.0,"gold_gain":0.0,"event_name":"Living Wall","player_choice":"Forget","floor":11.0,"gold_loss":0.0,"damage_taken":0.0},{"damage_healed":0.0,"max_hp_gain":0.0,"max_hp_loss":0.0,"gold_gain":0.0,"event_name":"Liars Game","player_choice":"Ignored","floor":12.0,"gold_loss":0.0,"damage_taken":0.0},{"damage_healed":0.0,"max_hp_gain":0.0,"max_hp_loss":0.0,"gold_gain":0.0,"event_name":"Duplicator","player_choice":"Copied","floor":19.0,"gold_loss":0.0,"damage_taken":0.0,"cards_obtained":["Biased Cognition"]},{"damage_healed":0,"gold_gain":0,"player_choice":"Full Heal","damage_taken":0,"max_hp_gain":0,"max_hp_loss":0,"event_name":"Wheel of Change","floor":36,"gold_loss":0},{"damage_healed":0,"gold_gain":0,"player_choice":"Fight","damage_taken":0,"max_hp_gain":0,"max_hp_loss":0,"event_name":"MindBloom","floor":47,"gold_loss":0}],"is_beta":false,"boss_relics":[{"not_picked":["Snecko Eye","Cursed Key"],"picked":"Inserter"},{"not_picked":["Astrolabe","Tiny House"],"picked":"Fusion Hammer"}],"items_purged_floors":[21,53],"is_endless":false,"potions_floor_spawned":[1,10,16,20,24,27,29,33,35,37,44,45,48],"ascension_level":12}