{"gold_per_floor":[114,129,129,129,54,54,82,157,227,1,1,17,33,7,7,111,111,123,140,51,71,82,107,107,122,122,147,147,163,194,209,209,209],"floor_reached":33,"playtime":981,"items_purged":["Defend_B","Strike_B"],"score":611,"play_id":"fa183567-eb93-48d2-b454-da8c548905ff","local_time":"20240324005604","is_ascension_mode":true,"campfire_choices":[{"data":"Cold Snap","floor":6,"key":"SMITH"},{"floor":11,"key":"REST"},{"data":"Turbo","floor":15,"key":"SMITH"},{"data":"Defragment","floor":24,"key":"SMITH"},{"data":"Coolheaded","floor":28,"key":"SMITH"},{"data":"Recycle","floor":32,"key":"SMITH"}],"neow_cost":"TEN_PERCENT_HP_LOSS","seed_source_timestamp":1773478297500,"circlet_count":0,"master_deck":["AscendersBane","Strike_B","Strike_B","Strike_B","Defend_B","Defend_B","Defend_B","Zap","Dualcast+1","Biased Cognition+1","BootSequence","Cold Snap+1","Compile Driver+1","Electrodynamics","Doom and Gloom+1","Turbo+1","Conserve Battery","Reboot","Ball Lightning+1","Hologram+1","Defragment+1","Coolheaded+1","Capacitor","Hologram","Meteor Strike+1","Self Repair","Recycle+1"],"relics":["Cracked Core","Molten Egg 2","Cables","Membership Card","Coffee Dripper","Eternal Feather","Oddly Smooth Stone","Boot","Question Card"],"potions_floor_usage":[21,23,27],"damage_taken":[{"damage":0,"enemies":"2 Louse","floor":1,"turns":1},{"damage":2,"enemies":"Jaw Worm","floor":2,"turns":3},{"damage":15,"enemies":"3 Sentries","floor":7,"turns":7},{"damage":0,"enemies":"Small Slimes","floor":12,"turns":1},{"damage":8,"enemies":"Blue Slaver","floor":13,"turns":3},{"damage":0,"enemies":"Slime Boss","floor":16,"turns":5},{"damage":6,"enemies":"Spheric Guardian","floor":18,"turns":4},{"damage":0,"enemies":"Chosen","floor":19,"turns":2},{"damage":14,"enemies":"Centurion and Healer","floor":21,"turns":4},{"damage":0,"enemies":"Sentry and Sphere","floor":22,"turns":3},{"damage":0,"enemies":"Gremlin Leader","floor":23,"turns":4},{"damage":0,"enemies":"Snecko","floor":25,"turns":3},{"damage":2,"enemies":"Book of Stabbing","floor":27,"turns":5},{"damage":14,"enemies":"Cultist and Chosen","floor":29,"turns":6},{"damage":15,"enemies":"Slavers","floor":30,"turns":3},{"damage":3,"enemies":"Sentry and Sphere","floor":31,"turns":4},{"damage":61,"enemies":"Champ","floor":33,"turns":13}],"seed_played":"-5704786919454000662","potions_obtained":[{"floor":1,"key":"PowerPotion"},{"floor":7,"key":"SpeedPotion"},{"floor":13,"key":"PowerPotion"},{"floor":21,"key":"Dexterity Potion"},{"floor":23,"key":"GamblersBrew"},{"floor":27,"key":"GamblersBrew"}],"is_trial":false,"path_per_floor":["M","M","?","?","$","R","E","?","T","$","R","M","M","$","R","B",null,"M","M","$","M","M","E","R","M","T","E","R","M","E","M","R","B"],"character_chosen":"DEFECT","basemod:card_modifiers":[null,null,null,null,null,null,null,null,null,null,null,null,null,null,null,null,null,null,null,null,null,null,null,null,null,null,null],"items_purchased":["Membership Card","Electrodynamics","Conserve Battery","Defragment"],"campfire_rested":1,"item_purchase_floors":[10,10,14,20],"current_hp_per_floor":[68,66,66,52,52,52,37,26,26,26,46,46,38,38,38,38,61,55,55,55,41,41,41,53,53,53,51,66,52,37,41,56,0],"gold":209,"neow_bonus":"THREE_RARE_CARDS","is_prod":false,"is_daily":false,"chose_seed":false,"campfire_upgraded":5,"win_rate":0,"timestamp":1711209364,"path_taken":["M","M","?","?","$","R","E","?","T","?","R","?","M","?","R","BOSS","M","M","$","M","M","E","R","M","T","E","R","M","E","M","R","BOSS"],"build_version":"2022-12-18","purchased_purges":2,"victory":false,"max_hp_per_floor":[68,68,68,68,68,68,68,68,68,68,68,68,68,68,68,68,68,68,68,68,68,68,68,68,68,68,68,68,68,68,68,68,68],"relic_stats":{"counters":[17,71],"Eternal Feather":42,"Membership Card":195,"Boot":[8],"Question Card":1,"obtain_stats":[{"Oddly Smooth Stone":26,"Molten Egg 2":7,"Eternal Feather":23,"Coffee Dripper":17,"Membership Card":10,"Cracked Core":0,"Boot":27,"Question Card":30,"Cables":9},{"Oddly Smooth Stone":12,"Molten Egg 2":3,"Eternal Feather":11,"Coffee Dripper":6,"Membership Card":3,"Cracked Core":0,"Boot":13,"Question Card":15,"Cables":3},{"Oddly Smooth Stone":40,"Molten Egg 2":11,"Eternal Feather":37,"Coffee Dripper":20,"Membership Card":11,"Cracked Core":0,"Boot":45,"Question Card":54,"Cables":11}],"Cables":[49,28,14,7,0]},"card_choices":[{"not_picked":["Amplify","Fission"],"picked":"Biased Cognition","floor":0},{"not_picked":["Consume","Leap"],"picked":"BootSequence","floor":1},{"not_picked":["Capacitor","Gash"],"picked":"Cold Snap","floor":2},{"not_picked":["Leap","Chaos"],"picked":"Compile Driver+1","floor":7},{"not_picked":["Genetic Algorithm","Beam Cell+1"],"picked":"Doom and Gloom+1","floor":12},{"not_picked":["Sweeping Beam+1","Hologram"],"picked":"Turbo","floor":13},{"not_picked":["Multi-Cast","Thunder Strike+1"],"picked":"Reboot","floor":16},{"not_picked":["Sweeping Beam+1","Turbo"],"picked":"Ball Lightning+1","floor":18},{"not_picked":["Streamline+1","Redo"],"picked":"Hologram+1","floor":19},{"not_picked":["Turbo","Heatsinks"],"picked":"Coolheaded","floor":21},{"not_picked":["Hello World","Streamline+1","Steam"],"picked":"SKIP","floor":22},{"not_picked":["Turbo","Conserve Battery"],"picked":"Capacitor","floor":23},{"not_picked":["Conserve Battery","Steam"],"picked":"Hologram","floor":25},{"not_picked":["Hologram","Turbo"],"picked":"Meteor Strike+1","floor":27},{"not_picked":["Hologram","Ball Lightning+1","Blizzard+1"],"picked":"SKIP","floor":29},{"not_picked":["Force Field","Loop"],"picked":"Self Repair","floor":30},{"not_picked":["Auto Shields","Barrage+1","Turbo"],"picked":"Recycle","floor":31}],"player_experience":633425,"relics_obtained":[{"floor":7,"key":"Molten Egg 2"},{"floor":9,"key":"Cables"},{"floor":23,"key":"Eternal Feather"},{"floor":26,"key":"Oddly Smooth Stone"},{"floor":27,"key":"Boot"},{"floor":30,"key":"Question Card"}],"event_choices":[{"damage_healed":0,"gold_gain":0,"player_choice":"Ignored","damage_taken":0,"max_hp_gain":0,"max_hp_loss":0,"event_name":"Liars Game","floor":3,"gold_loss":0},{"damage_healed":0,"gold_gain":0,"player_choice":"Entered Light","damage_taken":14,"max_hp_gain":0,"max_hp_loss":0,"event_name":"Shining Light","floor":4,"gold_loss":0,"cards_upgraded":["Biased Cognition","Dualcast"]},{"damage_healed":0,"gold_gain":75,"player_choice":"Gather Gold","damage_taken":11,"max_hp_gain":0,"max_hp_loss":0,"event_name":"World of Goop","floor":8,"gold_loss":0}],"is_beta":false,"boss_relics":[{"not_picked":["FrozenCore","Velvet Choker"],"picked":"Coffee Dripper"}],"items_purged_floors":[5,20],"is_endless":false,"potions_floor_spawned":[1,7,13,16,21,23,27,29],"killed_by":"Champ","ascension_level":12}