{"gold_per_floor":[118,27,38,38,38,38,69,69,92,122,134,146,197,234,246,357,369,394,406,441,76,96,96,46,89,112,125,50,89,105,119,119,119],"floor_reached":33,"playtime":1010,"items_purged":["Strike_G"],"score":690,"play_id":"2172d6bf-96fc-4d16-b927-b506bb21a235","local_time":"20240407002526","is_ascension_mode":true,"campfire_choices":[{"data":"Crippling Poison","floor":6.0,"key":"SMITH"},{"data":"Neutralize","floor":8.0,"key":"SMITH"},{"floor":12.0,"key":"REST"},{"data":"Survivor","floor":15.0,"key":"SMITH"},{"floor":23.0,"key":"REST"},{"data":"Acrobatics","floor":32,"key":"SMITH"}],"neow_cost":"NONE","seed_source_timestamp":7485196064400,"circlet_count":0,"master_deck":["AscendersBane","Strike_G","Defend_G","Defend_G","Defend_G","Defend_G","Survivor+1","Neutralize+1","Crippling Poison+1","Flying Knee","Blade Dance","Escape Plan","After Image","Endless Agony+1","Distraction+1","Crippling Poison+1","Well Laid Plans","Backflip","Acrobatics+1","Footwork","Acrobatics"],"special_seed":0,"relics":["Ring of the Snake","NeowsBlessing","StrikeDummy","Centennial Puzzle","Matryoshka","Art of War","MawBank","Golden Idol","Bronze Scales","Astrolabe","FaceOfCleric","ClockworkSouvenir","Juzu Bracelet","Gremlin Horn","Snake Skull","Pantograph"],"potions_floor_usage":[25],"damage_taken":[{"damage":0.0,"enemies":"2 Louse","floor":1.0,"turns":1.0},{"damage":0.0,"enemies":"Cultist","floor":3.0,"turns":1.0},{"damage":0.0,"enemies":"3 Sentries","floor":7.0,"turns":2.0},{"damage":2.0,"enemies":"Small Slimes","floor":10.0,"turns":3.0},{"damage":2.0,"enemies":"Lagavulin","floor":13.0,"turns":5.0},{"damage":5.0,"enemies":"Exordium Wildlife","floor":14.0,"turns":3.0},{"damage":39.0,"enemies":"The Guardian","floor":16.0,"turns":17.0},{"damage":9.0,"enemies":"Chosen","floor":18.0,"turns":4.0},{"damage":8.0,"enemies":"2 Thieves","floor":20.0,"turns":3.0},{"damage":0.0,"enemies":"3 Cultists","floor":22.0,"turns":4.0},{"damage":17,"enemies":"Book of Stabbing","floor":25,"turns":6},{"damage":0,"enemies":"Snake Plant","floor":27,"turns":5},{"damage":0,"enemies":"Gremlin Leader","floor":29,"turns":5},{"damage":8,"enemies":"Sentry and Sphere","floor":30,"turns":5},{"damage":12,"enemies":"Cultist and Chosen","floor":31,"turns":7},{"damage":57,"enemies":"Collector","floor":33,"turns":8}],"seed_played":"-5723008785998752732","potions_obtained":[{"floor":1.0,"key":"Poison Potion"},{"floor":7.0,"key":"FearPotion"},{"floor":14.0,"key":"Weak Potion"},{"floor":18.0,"key":"PowerPotion"},{"floor":29,"key":"FairyPotion"},{"floor":30,"key":"FairyPotion"}],"is_trial":false,"path_per_floor":["M","?","M","$","?","R","E","R","T","M","?","R","E","M","R","B",null,"M","?","M","$","M","R","?","E","T","M","?","E","M","M","R","B"],"character_chosen":"THE_SILENT","basemod:card_modifiers":[null,null,null,null,null,null,null,null,null,null,null,null,null,null,null,null,null,null,null,null,null],"items_purchased":["Well Laid Plans","ClockworkSouvenir","Backflip"],"campfire_rested":2,"item_purchase_floors":[21,21,21],"current_hp_per_floor":[59,59,59,59,54,54,54,54,54,52,29,48,46,41,41,2,50,41,41,34,34,35,55,55,39,39,40,40,41,34,23,23,21],"gold":119,"neow_bonus":"THREE_ENEMY_KILL","is_prod":false,"is_daily":false,"chose_seed":false,"campfire_upgraded":4,"win_rate":0,"timestamp":1712417126,"path_taken":["M","?","?","$","?","R","E","R","T","M","?","R","E","M","R","BOSS","M","?","M","$","?","R","?","E","T","M","?","E","M","M","R","BOSS"],"build_version":"2022-12-18","purchased_purges":1,"victory":false,"max_hp_per_floor":[66,66,66,66,66,66,66,66,66,66,66,66,66,66,66,66,66,66,66,67,67,68,68,68,69,69,70,70,71,72,73,73,73],"relic_stats":{"Gremlin Horn":[8,8],"counters":[16,79],"Golden Idol":71,"Astrolabe":["Endless Agony","Distraction","Crippling Poison"],"Snake Skull":[29],"Juzu Bracelet":1,"MawBank":144,"Centennial Puzzle":[31],"Matryoshka":2,"FaceOfCleric":7,"Bronze Scales":[222],"Pantograph":25,"Art of War":[14],"obtain_stats":[{"NeowsBlessing":0,"Gremlin Horn":26,"Golden Idol":11,"Astrolabe":17,"Snake Skull":26,"Juzu Bracelet":25,"MawBank":9,"ClockworkSouvenir":21,"Centennial Puzzle":5,"Matryoshka":7,"FaceOfCleric":19,"Bronze Scales":13,"Pantograph":29,"Art of War":9,"StrikeDummy":2,"Ring of the Snake":0},{"NeowsBlessing":0,"Gremlin Horn":11,"Golden Idol":4,"Astrolabe":7,"Snake Skull":11,"Juzu Bracelet":11,"MawBank":3,"ClockworkSouvenir":9,"Centennial Puzzle":2,"Matryoshka":3,"FaceOfCleric":8,"Bronze Scales":5,"Pantograph":13,"Art of War":3,"StrikeDummy":1,"Ring of the Snake":0},{"NeowsBlessing":0,"Gremlin Horn":49,"Golden Idol":7,"Astrolabe":32,"Snake Skull":49,"Juzu Bracelet":49,"MawBank":4,"ClockworkSouvenir":39,"Centennial Puzzle":2,"Matryoshka":4,"FaceOfCleric":36,"Bronze Scales":12,"Pantograph":59,"Art of War":4,"StrikeDummy":1,"Ring of the Snake":0}],"Ring of the Snake":[32]},"card_choices":[{"not_picked":["Backstab","Flying Knee"],"picked":"Crippling Poison","floor":1.0},{"not_picked":["Setup","All Out Attack","Expertise"],"picked":"SKIP","floor":3.0},{"not_picked":["Dodge and Roll","Tactician"],"picked":"Flying Knee","floor":7.0},{"not_picked":["Deflect","Eviscerate"],"picked":"Blade Dance","floor":10.0},{"not_picked":["Storm of Steel","Sucker Punch"],"picked":"Escape Plan","floor":13.0},{"not_picked":["Quick Slash","Setup","Choke"],"picked":"SKIP","floor":14.0},{"not_picked":["Malaise","A Thousand Cuts"],"picked":"After Image","floor":16.0},{"not_picked":["Sucker Punch","Prepared","Endless Agony"],"picked":"SKIP","floor":18.0},{"not_picked":["Masterful Stab","Terror","Poisoned Stab"],"picked":"SKIP","floor":20.0},{"not_picked":["Outmaneuver+1","Deflect"],"picked":"Acrobatics","floor":22.0},{"not_picked":["Dodge and Roll","Sucker Punch"],"picked":"Footwork","floor":25},{"not_picked":["Masterful Stab","Accuracy","Poisoned Stab"],"picked":"SKIP","floor":27},{"not_picked":["Underhanded Strike","Sucker Punch+1"],"picked":"Acrobatics","floor":29},{"not_picked":["Phantasmal Killer","Dagger Throw","Crippling Poison+1"],"picked":"SKIP","floor":30},{"not_picked":["Crippling Poison","Dash","PiercingWail"],"picked":"SKIP","floor":31}],"player_experience":654888,"relics_obtained":[{"floor":7.0,"key":"Matryoshka"},{"floor":9.0,"key":"Art of War"},{"floor":9.0,"key":"MawBank"},{"floor":13.0,"key":"Bronze Scales"},{"floor":25,"key":"Juzu Bracelet"},{"floor":26,"key":"Gremlin Horn"},{"floor":26,"key":"Snake Skull"},{"floor":29,"key":"Pantograph"}],"event_choices":[{"damage_healed":0.0,"max_hp_gain":0.0,"max_hp_loss":0.0,"gold_gain":0.0,"event_name":"WeMeetAgain","player_choice":"Paid Gold","floor":2.0,"gold_loss":91.0,"damage_taken":0.0,"relics_obtained":["StrikeDummy"]},{"damage_healed":0.0,"max_hp_gain":0.0,"max_hp_loss":0.0,"gold_gain":0.0,"event_name":"Scrap Ooze","player_choice":"Success","floor":5.0,"gold_loss":0.0,"damage_taken":5.0,"relics_obtained":["Centennial Puzzle"]},{"damage_healed":0.0,"max_hp_gain":0.0,"max_hp_loss":0.0,"gold_gain":0.0,"event_name":"Golden Idol","player_choice":"Take Damage","floor":11.0,"gold_loss":0.0,"damage_taken":23.0,"relics_obtained":["Golden Idol"]},{"damage_healed":0.0,"max_hp_gain":0.0,"max_hp_loss":0.0,"gold_gain":0.0,"event_name":"FaceTrader","player_choice":"Trade","floor":19.0,"gold_loss":0.0,"damage_taken":0.0,"relics_obtained":["FaceOfCleric"]},{"damage_healed":0.0,"max_hp_gain":0.0,"max_hp_loss":0.0,"gold_gain":0.0,"event_name":"The Joust","player_choice":"Bet on Murderer","floor":24.0,"gold_loss":50.0,"damage_taken":0.0},{"cards_removed":["Strike_G"],"damage_healed":0,"gold_gain":0,"player_choice":"Gave Gold","damage_taken":0,"max_hp_gain":0,"max_hp_loss":0,"event_name":"Beggar","floor":28,"gold_loss":75}],"is_beta":false,"boss_relics":[{"not_picked":["Runic Dome","WristBlade"],"picked":"Astrolabe"}],"items_purged_floors":[21],"is_endless":false,"potions_floor_spawned":[1,7,14,18,29,30,31],"killed_by":"Collector","ascension_level":20}