{"gold_per_floor":[112,187,56,56,21,54,72,72,72,97,97,138,163,206,206,299,299,313,313,331,331],"floor_reached":21,"playtime":602,"items_purged":["Defend_G"],"score":444,"play_id":"e12aeb71-ee35-4298-b328-b6ea0b12869b","local_time":"20240407013306","is_ascension_mode":true,"campfire_choices":[{"data":"Noxious Fumes","floor":8.0,"key":"SMITH"},{"data":"Deadly Poison","floor":11.0,"key":"SMITH"},{"data":"Burst","floor":15.0,"key":"SMITH"}],"neow_cost":"NONE","seed_source_timestamp":11789997455400,"circlet_count":0,"master_deck":["AscendersBane","Strike_G","Strike_G","Strike_G","Strike_G","Strike_G","Defend_G","Defend_G","Defend_G","Defend_G","Survivor","Neutralize","Finisher","Deadly Poison+1","Noxious Fumes+1","Burst+1","Venomology","Deflect+1","Blade Dance"],"special_seed":0,"relics":["Ring of the Snake","NeowsBlessing","Golden Idol","Orichalcum","Singing Bowl","Runic Pyramid"],"potions_floor_usage":[21,21,21],"damage_taken":[{"damage":0.0,"enemies":"2 Louse","floor":1.0,"turns":1.0},{"damage":0.0,"enemies":"3 Sentries","floor":6.0,"turns":1.0},{"damage":0.0,"enemies":"Small Slimes","floor":7.0,"turns":2.0},{"damage":0.0,"enemies":"Cultist","floor":10.0,"turns":4.0},{"damage":20.0,"enemies":"Gremlin Nob","floor":12.0,"turns":4.0},{"damage":8.0,"enemies":"2 Fungi Beasts","floor":13.0,"turns":4.0},{"damage":19.0,"enemies":"Lagavulin","floor":14.0,"turns":7.0},{"damage":6.0,"enemies":"Hexaghost","floor":16.0,"turns":9.0},{"damage":32.0,"enemies":"Spheric Guardian","floor":18.0,"turns":7.0},{"damage":0.0,"enemies":"Chosen","floor":20.0,"turns":6.0},{"damage":16,"enemies":"Sentry and Sphere","floor":21,"turns":7}],"seed_played":"-3876324399386544506","potions_obtained":[{"floor":10.0,"key":"Energy Potion"},{"floor":12.0,"key":"LiquidMemories"},{"floor":14.0,"key":"BlessingOfTheForge"},{"floor":16.0,"key":"GamblersBrew"},{"floor":20.0,"key":"CunningPotion"}],"is_trial":false,"path_per_floor":["M","?","$","?","?","E","M","R","T","M","R","E","M","E","R","B",null,"M","?","M","M"],"character_chosen":"THE_SILENT","basemod:card_modifiers":[null,null,null,null,null,null,null,null,null,null,null,null,null,null,null,null,null,null,null],"items_purchased":["Deadly Poison"],"campfire_rested":0,"item_purchase_floors":[3],"current_hp_per_floor":[59,48,48,48,60,60,60,60,60,60,60,42,36,17,17,11,51,19,19,19,3],"gold":331,"neow_bonus":"THREE_ENEMY_KILL","is_prod":false,"is_daily":false,"chose_seed":false,"campfire_upgraded":3,"win_rate":0,"timestamp":1712421186,"path_taken":["M","?","$","?","?","E","M","R","T","M","R","E","M","E","R","BOSS","M","?","?","M"],"build_version":"2022-12-18","purchased_purges":1,"victory":false,"max_hp_per_floor":[66,66,66,60,60,60,60,60,60,60,60,62,64,64,64,64,64,64,64,64,64],"relic_stats":{"Singing Bowl":4,"counters":[11,52],"Golden Idol":73,"Orichalcum":[138],"obtain_stats":[{"NeowsBlessing":0,"Singing Bowl":12,"Golden Idol":4,"Orichalcum":6,"Ring of the Snake":0,"Runic Pyramid":17},{"NeowsBlessing":0,"Singing Bowl":5,"Golden Idol":1,"Orichalcum":2,"Ring of the Snake":0,"Runic Pyramid":8},{"NeowsBlessing":0,"Singing Bowl":12,"Golden Idol":1,"Orichalcum":2,"Ring of the Snake":0,"Runic Pyramid":32}],"Ring of the Snake":[22]},"card_choices":[{"not_picked":["Cloak And Dagger","Underhanded Strike"],"picked":"Finisher","floor":1.0},{"not_picked":["Prepared","Corpse Explosion"],"picked":"Noxious Fumes","floor":6.0},{"not_picked":["Acrobatics","Flying Knee","Bane"],"picked":"SKIP","floor":7.0},{"not_picked":["Acrobatics","Flying Knee","Bane"],"picked":"SKIP","floor":7.0},{"not_picked":["Deflect","Quick Slash","Noxious Fumes"],"picked":"SKIP","floor":10.0},{"not_picked":["Dagger Spray","Underhanded Strike","Quick Slash"],"picked":"Singing Bowl","floor":12.0},{"not_picked":["Poisoned Stab","Underhanded Strike","Dodge and Roll"],"picked":"Singing Bowl","floor":13.0},{"not_picked":["Infinite Blades","Reflex"],"picked":"Burst","floor":14.0},{"not_picked":["Grand Finale","Envenom"],"picked":"Venomology","floor":16.0},{"not_picked":["Dagger Throw","Slice"],"picked":"Deflect+1","floor":18.0},{"not_picked":["Underhanded Strike","Skewer"],"picked":"Blade Dance","floor":20.0}],"player_experience":658366,"relics_obtained":[{"floor":6.0,"key":"Orichalcum"},{"floor":12.0,"key":"Singing Bowl"}],"event_choices":[{"damage_healed":0.0,"max_hp_gain":0.0,"max_hp_loss":0.0,"gold_gain":75.0,"event_name":"World of Goop","player_choice":"Gather Gold","floor":2.0,"gold_loss":0.0,"damage_taken":11.0},{"damage_healed":0.0,"max_hp_gain":0.0,"max_hp_loss":6.0,"gold_gain":0.0,"event_name":"Golden Idol","player_choice":"Lose Max HP","floor":4.0,"gold_loss":0.0,"damage_taken":0.0,"relics_obtained":["Golden Idol"]},{"damage_healed":15.0,"max_hp_gain":0.0,"max_hp_loss":0.0,"gold_gain":0.0,"event_name":"The Cleric","player_choice":"Healed","floor":5.0,"gold_loss":35.0,"damage_taken":0.0},{"damage_healed":0.0,"max_hp_gain":0.0,"max_hp_loss":0.0,"gold_gain":0.0,"event_name":"Match and Keep!","player_choice":"0 cards matched","floor":19.0,"gold_loss":0.0,"damage_taken":0.0,"cards_obtained":[]}],"is_beta":false,"boss_relics":[{"not_picked":["Fusion Hammer","Runic Dome"],"picked":"Runic Pyramid"}],"items_purged_floors":[3],"is_endless":false,"potions_floor_spawned":[10,12,14,16,18,20],"killed_by":"Sentry and Sphere","ascension_level":20}