{"gold_per_floor":[115,115,115,137,168,180,217,241,307,346,373,410,440,452,464,569,581,606,641,228,228,263,263,303,228,276,299,299,339,339,355,355,448,448,467,487,113,133,156,156,189,189,235,254,285,320,320,115,115,115,115,115,115,41,74,74],"floor_reached":56,"playtime":2438,"items_purged":["Strike_G","Poisoned Stab","Predator"],"score":2105,"play_id":"cf0fc396-47b3-46b7-aeaf-7058312b5747","local_time":"20240407011201","is_ascension_mode":true,"campfire_choices":[{"data":"Dash","floor":6.0,"key":"SMITH"},{"data":"A Thousand Cuts","floor":15.0,"key":"SMITH"},{"data":"Apotheosis","floor":23.0,"key":"SMITH"},{"floor":28.0,"key":"REST"},{"floor":30.0,"key":"REST"},{"floor":32.0,"key":"REST"},{"floor":40.0,"key":"RECALL"},{"floor":42.0,"key":"REST"},{"floor":47.0,"key":"REST"},{"floor":49.0,"key":"REST"},{"data":"Footwork","floor":53.0,"key":"SMITH"}],"neow_cost":"NONE","seed_source_timestamp":8575232543800,"circlet_count":0,"master_deck":["AscendersBane","Survivor","Neutralize","Terror","Dash+1","Blade Dance","A Thousand Cuts+1","Phantasmal Killer","Blade Dance+1","Apotheosis+1","Well Laid Plans","Prepared","Calculated Gamble","Leg Sweep","Concentrate","Venomology","Tools of the Trade","Backstab","Footwork+1","Deflect","Backflip","Dodge and Roll","Storm of Steel","Backflip+1","Escape Plan+1","Acrobatics+1","Footwork","Calculated Gamble+1"],"special_seed":0,"relics":["Ring of the Snake","NeowsBlessing","Mercury Hourglass","MawBank","Whetstone","Oddly Smooth Stone","Ninja Scroll","Snake Skull","Golden Idol","Black Star","Red Mask","Darkstone Periapt","Juzu Bracelet","Happy Flower","Art of War","Pen Nib","Pandora\u0027s Box","Shuriken","Ornamental Fan","Toxic Egg 2","Thread and Needle","Bronze Scales","Dream Catcher","Akabeko","White Beast Statue"],"potions_floor_usage":[55,56],"damage_taken":[{"damage":0.0,"enemies":"Small Slimes","floor":1.0,"turns":1.0},{"damage":0.0,"enemies":"Jaw Worm","floor":4.0,"turns":1.0},{"damage":0.0,"enemies":"Cultist","floor":5.0,"turns":1.0},{"damage":17.0,"enemies":"3 Sentries","floor":7.0,"turns":9.0},{"damage":3.0,"enemies":"Exordium Wildlife","floor":8.0,"turns":3.0},{"damage":8.0,"enemies":"Gremlin Nob","floor":10.0,"turns":3.0},{"damage":0.0,"enemies":"Looter","floor":11.0,"turns":2.0},{"damage":4.0,"enemies":"3 Sentries","floor":12.0,"turns":3.0},{"damage":0.0,"enemies":"2 Fungi Beasts","floor":13.0,"turns":2.0},{"damage":4.0,"enemies":"Slime Boss","floor":16.0,"turns":7.0},{"damage":0.0,"enemies":"Spheric Guardian","floor":18.0,"turns":2.0},{"damage":0.0,"enemies":"3 Byrds","floor":19.0,"turns":3.0},{"damage":0.0,"enemies":"Masked Bandits","floor":22.0,"turns":2.0},{"damage":12.0,"enemies":"Slavers","floor":24.0,"turns":3.0},{"damage":30.0,"enemies":"Shelled Parasite and Fungi","floor":27.0,"turns":4.0},{"damage":30.0,"enemies":"Book of Stabbing","floor":29.0,"turns":6.0},{"damage":4.0,"enemies":"Centurion and Healer","floor":31.0,"turns":3.0},{"damage":30.0,"enemies":"Collector","floor":33.0,"turns":8.0},{"damage":0.0,"enemies":"Orb Walker","floor":35.0,"turns":5.0},{"damage":0.0,"enemies":"3 Shapes","floor":36.0,"turns":6.0},{"damage":14.0,"enemies":"Spire Growth","floor":38.0,"turns":4.0},{"damage":19.0,"enemies":"Jaw Worm Horde","floor":39.0,"turns":5.0},{"damage":0.0,"enemies":"Nemesis","floor":41.0,"turns":3.0},{"damage":9.0,"enemies":"Writhing Mass","floor":44.0,"turns":6.0},{"damage":0.0,"enemies":"Mind Bloom Boss Battle","floor":45.0,"turns":9.0},{"damage":23.0,"enemies":"Reptomancer","floor":46.0,"turns":4.0},{"damage":19.0,"enemies":"Donu and Deca","floor":50.0,"turns":9.0},{"damage":0.0,"enemies":"Awakened One","floor":51.0,"turns":11.0},{"damage":47,"enemies":"Shield and Spear","floor":55,"turns":7},{"damage":2,"enemies":"The Heart","floor":56,"turns":2}],"seed_played":"-2064077212510180406","potions_obtained":[{"floor":1.0,"key":"GamblersBrew"},{"floor":5.0,"key":"BlessingOfTheForge"},{"floor":8.0,"key":"Strength Potion"},{"floor":11.0,"key":"Explosive Potion"},{"floor":12.0,"key":"AttackPotion"},{"floor":16.0,"key":"SteroidPotion"},{"floor":24.0,"key":"Fruit Juice"},{"floor":31.0,"key":"Block Potion"},{"floor":33.0,"key":"Regen Potion"}],"is_trial":false,"path_per_floor":["M","?","?","M","M","R","E","M","T","E","M","E","M","?","R","B",null,"M","M","$","?","?","R","E","?","T","M","R","E","R","M","R","B",null,"M","M","$","M","M","R","E","R","T","M","?","E","R","$","R","B","B",null,"R","$","E","B"],"character_chosen":"THE_SILENT","basemod:card_modifiers":[null,null,null,null,null,null,null,null,null,null,null,null,null,null,null,null,null,null,null,null,null,null,null,null,null,null,null,null],"items_purchased":["Apotheosis","Well Laid Plans","Prepared","Shuriken","LiquidBronze","Footwork"],"campfire_rested":6,"item_purchase_floors":[20,20,20,37,48,54],"current_hp_per_floor":[59,54,54,54,54,54,37,34,34,26,26,22,22,22,22,18,50,50,50,50,50,50,50,38,38,38,8,32,2,21,17,36,6,50,50,65,65,51,32,32,32,51,51,42,56,33,52,52,65,46,46,60,60,60,13,11],"gold":74,"neow_bonus":"THREE_ENEMY_KILL","is_prod":false,"is_daily":false,"chose_seed":false,"campfire_upgraded":4,"win_rate":0,"timestamp":1712419921,"path_taken":["M","?","?","?","M","R","E","M","T","E","M","E","M","?","R","BOSS","M","M","$","?","?","R","E","?","T","M","R","E","R","M","R","BOSS","M","M","$","M","M","R","E","R","T","M","?","E","R","$","R","BOSS","BOSS","R","$","E","BOSS"],"build_version":"2022-12-18","purchased_purges":3,"victory":false,"max_hp_per_floor":[66,66,66,66,66,66,66,66,66,66,66,66,66,60,60,60,60,60,60,60,60,60,60,60,60,60,60,65,65,65,65,65,65,65,65,65,65,65,65,65,65,65,65,65,65,65,65,65,65,65,65,65,65,65,65,65],"relic_stats":{"Darkstone Periapt":0,"Happy Flower":[30],"counters":[30,132],"Golden Idol":164,"Snake Skull":[9],"Pen Nib":[25],"Juzu Bracelet":0,"Whetstone":["Strike_G","Strike_G"],"MawBank":204,"White Beast Statue":[0.0,0.0,0.0,0.0,0.0,1.0,0.0,0.0,0.0,0.0,0.0,0.0],"Mercury Hourglass":[527],"Dream Catcher":2,"Shuriken":[49],"Ornamental Fan":[156],"Bronze Scales":[99],"Pandora\u0027s Box":["Tools of the Trade","Backstab","Footwork","Deflect","Backflip","Predator","Dodge and Roll","Storm of Steel"],"Black Star":5,"Art of War":[16],"obtain_stats":[{"Darkstone Periapt":24,"Snake Skull":12,"Juzu Bracelet":24,"Whetstone":7,"Dream Catcher":46,"Ninja Scroll":10,"Red Mask":22,"Toxic Egg 2":41,"Ring of the Snake":0,"NeowsBlessing":0,"Happy Flower":26,"Golden Idol":14,"Oddly Smooth Stone":9,"Thread and Needle":45,"Pen Nib":29,"MawBank":3,"Akabeko":55,"White Beast Statue":55,"Mercury Hourglass":2,"Shuriken":37,"Ornamental Fan":41,"Bronze Scales":46,"Pandora\u0027s Box":34,"Black Star":17,"Art of War":29},{"Darkstone Periapt":14,"Snake Skull":8,"Juzu Bracelet":14,"Whetstone":4,"Dream Catcher":26,"Ninja Scroll":6,"Red Mask":13,"Toxic Egg 2":23,"Ring of the Snake":0,"NeowsBlessing":0,"Happy Flower":14,"Golden Idol":9,"Oddly Smooth Stone":5,"Thread and Needle":25,"Pen Nib":16,"MawBank":1,"Akabeko":29,"White Beast Statue":29,"Mercury Hourglass":1,"Shuriken":20,"Ornamental Fan":23,"Bronze Scales":26,"Pandora\u0027s Box":18,"Black Star":10,"Art of War":16},{"Darkstone Periapt":41,"Snake Skull":23,"Juzu Bracelet":41,"Whetstone":12,"Dream Catcher":103,"Ninja Scroll":18,"Red Mask":38,"Toxic Egg 2":84,"Ring of the Snake":0,"NeowsBlessing":0,"Happy Flower":41,"Golden Idol":25,"Oddly Smooth Stone":15,"Thread and Needle":99,"Pen Nib":51,"MawBank":1,"Akabeko":130,"White Beast Statue":130,"Mercury Hourglass":1,"Shuriken":72,"Ornamental Fan":84,"Bronze Scales":103,"Pandora\u0027s Box":62,"Black Star":32,"Art of War":51}],"Ring of the Snake":[60]},"card_choices":[{"not_picked":["Skewer","Prepared"],"picked":"Terror","floor":1.0},{"not_picked":["Infinite Blades","Cloak And Dagger"],"picked":"Dash","floor":4.0},{"not_picked":["Outmaneuver","Caltrops","Infinite Blades"],"picked":"SKIP","floor":5.0},{"not_picked":["Acrobatics","Noxious Fumes"],"picked":"Poisoned Stab","floor":7.0},{"not_picked":["Backflip","Prepared"],"picked":"Blade Dance","floor":8.0},{"not_picked":["Dash","Crippling Poison","Deflect"],"picked":"SKIP","floor":10.0},{"not_picked":["Acrobatics","Slice"],"picked":"A Thousand Cuts","floor":11.0},{"not_picked":["Outmaneuver","Deflect","Acrobatics"],"picked":"SKIP","floor":12.0},{"not_picked":["Poisoned Stab","Sucker Punch","Acrobatics"],"picked":"SKIP","floor":13.0},{"not_picked":["A Thousand Cuts","Wraith Form v2"],"picked":"Phantasmal Killer","floor":16.0},{"not_picked":["Predator","Dagger Spray","Dodge and Roll"],"picked":"SKIP","floor":18.0},{"not_picked":["Flying Knee","Calculated Gamble"],"picked":"Blade Dance+1","floor":19.0},{"not_picked":["Dash","Flying Knee+1"],"picked":"Calculated Gamble","floor":22.0},{"not_picked":["Backflip","Skewer","Flying Knee"],"picked":"SKIP","floor":24.0},{"not_picked":["Noxious Fumes","Prepared"],"picked":"Leg Sweep","floor":27.0},{"not_picked":["All Out Attack","Leg Sweep","Dagger Spray"],"picked":"SKIP","floor":29.0},{"not_picked":["All Out Attack","Deadly Poison"],"picked":"Concentrate","floor":31.0},{"not_picked":["Envenom","Grand Finale"],"picked":"Venomology","floor":33.0},{"not_picked":["Cloak And Dagger","Tactician","Outmaneuver"],"picked":"SKIP","floor":35.0},{"not_picked":["Sucker Punch+1","PiercingWail"],"picked":"Backflip+1","floor":36.0},{"not_picked":["Dash+1","Dagger Spray","Grand Finale"],"picked":"SKIP","floor":38.0},{"not_picked":["Dodge and Roll","Slice+1","Bouncing Flask"],"picked":"SKIP","floor":39.0},{"not_picked":["Bane","Tactician+1","Slice"],"picked":"SKIP","floor":41.0},{"not_picked":["Bane","Tactician+1","Slice"],"picked":"SKIP","floor":41.0},{"not_picked":["Heel Hook","Dodge and Roll+1"],"picked":"Escape Plan+1","floor":44.0},{"not_picked":["Leg Sweep+1","Envenom","Corpse Explosion+1"],"picked":"SKIP","floor":46.0},{"not_picked":["Poisoned Stab+1","Dodge and Roll+1"],"picked":"Acrobatics+1","floor":49.0},{"not_picked":["Slice","Deflect+1"],"picked":"Calculated Gamble+1","floor":55}],"player_experience":655909,"relics_obtained":[{"floor":3.0,"key":"MawBank"},{"floor":7.0,"key":"Whetstone"},{"floor":9.0,"key":"Oddly Smooth Stone"},{"floor":10.0,"key":"Ninja Scroll"},{"floor":12.0,"key":"Snake Skull"},{"floor":22.0,"key":"Red Mask"},{"floor":24.0,"key":"Darkstone Periapt"},{"floor":24.0,"key":"Juzu Bracelet"},{"floor":26.0,"key":"Happy Flower"},{"floor":29.0,"key":"Art of War"},{"floor":29.0,"key":"Pen Nib"},{"floor":41.0,"key":"Ornamental Fan"},{"floor":41.0,"key":"Toxic Egg 2"},{"floor":45.0,"key":"Thread and Needle"},{"floor":46.0,"key":"Bronze Scales"},{"floor":46.0,"key":"Dream Catcher"},{"floor":55,"key":"Akabeko"},{"floor":55,"key":"White Beast Statue"}],"event_choices":[{"damage_healed":0.0,"max_hp_gain":0.0,"max_hp_loss":0.0,"gold_gain":0.0,"event_name":"Scrap Ooze","player_choice":"Success","floor":2.0,"gold_loss":0.0,"damage_taken":5.0,"relics_obtained":["Mercury Hourglass"]},{"damage_healed":0.0,"max_hp_gain":0.0,"max_hp_loss":0.0,"gold_gain":0.0,"event_name":"Wheel of Change","player_choice":"Relic","floor":3.0,"gold_loss":0.0,"damage_taken":0.0},{"damage_healed":0.0,"max_hp_gain":0.0,"max_hp_loss":6.0,"gold_gain":0.0,"event_name":"Golden Idol","player_choice":"Lose Max HP","floor":14.0,"gold_loss":0.0,"damage_taken":0.0,"relics_obtained":["Golden Idol"]},{"damage_healed":0.0,"max_hp_gain":0.0,"max_hp_loss":0.0,"gold_gain":0.0,"event_name":"Cursed Tome","player_choice":"Ignored","floor":21.0,"gold_loss":0.0,"damage_taken":0.0},{"damage_healed":0.0,"max_hp_gain":0.0,"max_hp_loss":0.0,"gold_gain":0.0,"event_name":"Masked Bandits","player_choice":"Fought Bandits","floor":22.0,"gold_loss":0.0,"damage_taken":0.0},{"cards_removed":["Strike_G"],"damage_healed":0.0,"max_hp_gain":0.0,"max_hp_loss":0.0,"gold_gain":0.0,"event_name":"Beggar","player_choice":"Gave Gold","floor":25.0,"gold_loss":75.0,"damage_taken":0.0},{"damage_healed":0.0,"max_hp_gain":0.0,"max_hp_loss":0.0,"gold_gain":0.0,"event_name":"MindBloom","player_choice":"Fight","floor":45.0,"gold_loss":0.0,"damage_taken":0.0}],"is_beta":false,"boss_relics":[{"not_picked":["Ectoplasm","Cursed Key"],"picked":"Black Star"},{"not_picked":["Coffee Dripper","Astrolabe"],"picked":"Pandora\u0027s Box"}],"items_purged_floors":[20,37,48],"is_endless":false,"potions_floor_spawned":[1,5,8,11,12,16,24,31,33,35,41,44],"killed_by":"The Heart","ascension_level":20}