{"gold_per_floor":[115,128,140,100,25,25,56,72,72,90,90,110,139,155,155,233,283,294,294,321,340,21,21,34,34,34,34,51,51,80,100,100,175,175,193,208,228,228,228,228,258,268,295,322,544,573,586,600,600,600,600],"floor_reached":51,"playtime":2564,"items_purged":["Defend_G","Strike_G"],"score":2417,"play_id":"bfea1992-53e9-4b74-a81a-e98000747350","local_time":"20240405032051","is_ascension_mode":true,"campfire_choices":[{"data":"Slice","floor":6,"key":"SMITH"},{"floor":11,"key":"REST"},{"data":"Tactician","floor":15,"key":"SMITH"},{"data":"Reflex","floor":23,"key":"SMITH"},{"data":"Acrobatics","floor":27,"key":"SMITH"},{"data":"Calculated Gamble","floor":29,"key":"SMITH"},{"data":"Reflex","floor":32,"key":"SMITH"},{"data":"Purity","floor":40,"key":"SMITH"},{"data":"Footwork","floor":49,"key":"SMITH"}],"neow_cost":"PERCENT_DAMAGE","seed_source_timestamp":0,"circlet_count":0,"master_deck":["AscendersBane","Strike_G","Strike_G","Strike_G","Defend_G","Defend_G","Defend_G","Defend_G","Survivor","Neutralize+1","Escape Plan","Slice+1","Terror","Reflex+1","Acrobatics+1","Acrobatics","Well Laid Plans","Blade Dance","Tactician+1","Calculated Gamble+1","Prepared","Concentrate+1","Reflex+1","Venomology","Accuracy+1","Purity+1","Blade Dance+1","Footwork+1"],"special_seed":0,"relics":["Ring of the Snake","Prayer Wheel","InkBottle","Eternal Feather","Tiny House","Red Mask","Bag of Preparation","Bottled Tornado","Happy Flower","Black Star","TungstenRod","Toy Ornithopter","Smiling Mask","Juzu Bracelet","Turnip","Oddly Smooth Stone","Centennial Puzzle"],"potions_floor_usage":[4,13,16,18,20,30,33,35,36,37,41,42,44,46,47,48,50],"damage_taken":[{"damage":0,"enemies":"2 Louse","floor":1,"turns":5},{"damage":0,"enemies":"Cultist","floor":2,"turns":4},{"damage":7,"enemies":"Jaw Worm","floor":3,"turns":5},{"damage":6,"enemies":"Gremlin Nob","floor":7,"turns":3},{"damage":9,"enemies":"Large Slime","floor":8,"turns":7},{"damage":2,"enemies":"Red Slaver","floor":10,"turns":3},{"damage":11,"enemies":"Exordium Wildlife","floor":12,"turns":5},{"damage":2,"enemies":"Lagavulin","floor":13,"turns":7},{"damage":0,"enemies":"Blue Slaver","floor":14,"turns":2},{"damage":0,"enemies":"Slime Boss","floor":16,"turns":6},{"damage":8,"enemies":"Chosen","floor":18,"turns":4},{"damage":36,"enemies":"Masked Bandits","floor":20,"turns":5},{"damage":13,"enemies":"Spheric Guardian","floor":21,"turns":4},{"damage":11,"enemies":"Chosen and Byrds","floor":24,"turns":5},{"damage":6,"enemies":"Shelled Parasite and Fungi","floor":28,"turns":4},{"damage":26,"enemies":"Gremlin Leader","floor":30,"turns":4},{"damage":0,"enemies":"Snecko","floor":31,"turns":2},{"damage":0,"enemies":"Automaton","floor":33,"turns":4},{"damage":3,"enemies":"3 Darklings","floor":35,"turns":4},{"damage":0,"enemies":"Orb Walker","floor":36,"turns":2},{"damage":8,"enemies":"3 Darklings","floor":37,"turns":2},{"damage":6,"enemies":"Giant Head","floor":41,"turns":2},{"damage":0,"enemies":"Maw","floor":42,"turns":2},{"damage":0,"enemies":"Nemesis","floor":44,"turns":3},{"damage":0,"enemies":"Giant Head","floor":46,"turns":2},{"damage":0,"enemies":"Spire Growth","floor":47,"turns":2},{"damage":0,"enemies":"Sphere and 2 Shapes","floor":48,"turns":2},{"damage":0,"enemies":"Donu and Deca","floor":50,"turns":3},{"damage":0,"enemies":"Time Eater","floor":51,"turns":1}],"seed_played":"-2218971590741713730","potions_obtained":[{"floor":1,"key":"SkillPotion"},{"floor":3,"key":"Fruit Juice"},{"floor":4,"key":"AttackPotion"},{"floor":4,"key":"Block Potion"},{"floor":14,"key":"AttackPotion"},{"floor":17,"key":"SneckoOil"},{"floor":24,"key":"Explosive Potion"},{"floor":30,"key":"Strength Potion"},{"floor":33,"key":"ColorlessPotion"},{"floor":42,"key":"LiquidMemories"},{"floor":46,"key":"DistilledChaos"},{"floor":47,"key":"Fruit Juice"},{"floor":48,"key":"CultistPotion"}],"is_trial":false,"path_per_floor":["M","M","M","?","$","R","E","M","T","M","R","M","E","M","R","B",null,"M","?","?","M","$","R","M","?","T","R","M","R","E","M","R","B",null,"M","M","M","?","?","R","E","M","T","E","?","E","M","M","R","B","B"],"character_chosen":"THE_SILENT","basemod:card_modifiers":[null,null,null,null,null,null,null,null,null,null,null,null,null,null,null,null,null,null,null,null,null,null,null,null,null,null,null,null],"items_purchased":["Bag of Preparation","Strength Potion"],"campfire_rested":1,"item_purchase_floors":[22,22],"current_hp_per_floor":[44,44,37,42,42,42,36,27,27,25,46,35,33,33,45,45,70,62,62,26,13,13,25,14,86,86,86,80,86,60,60,72,72,83,80,80,72,72,62,77,76,81,81,86,86,86,86,91,91,91,91],"gold":600,"neow_bonus":"RANDOM_COLORLESS_2","is_prod":false,"is_daily":false,"chose_seed":false,"campfire_upgraded":8,"win_rate":0,"timestamp":1712254851,"path_taken":["M","M","M","?","$","R","E","M","T","M","R","M","E","M","R","BOSS","M","?","?","M","$","R","M","?","T","R","M","R","E","?","R","BOSS","M","M","M","?","?","R","E","M","T","E","?","E","M","M","R","BOSS","BOSS"],"build_version":"2022-12-18","purchased_purges":2,"victory":false,"max_hp_per_floor":[66,66,66,71,71,71,71,71,71,71,71,71,71,71,71,71,76,76,76,76,76,76,76,76,86,86,86,86,86,86,86,86,86,86,86,86,86,86,86,86,86,86,86,86,86,86,86,91,91,91,91],"relic_stats":{"Happy Flower":[10],"counters":[29,104],"Eternal Feather":57,"Bag of Preparation":[32],"Juzu Bracelet":0,"Bottled Tornado":"Well Laid Plans","Smiling Mask":0,"Centennial Puzzle":[0],"Prayer Wheel":15,"Turnip":[0],"Black Star":3,"obtain_stats":[{"Tiny House":17,"Happy Flower":30,"Oddly Smooth Stone":46,"Eternal Feather":13,"Bag of Preparation":22,"Juzu Bracelet":44,"Bottled Tornado":26,"Smiling Mask":43,"Centennial Puzzle":46,"Prayer Wheel":7,"Turnip":44,"Red Mask":20,"Black Star":34,"InkBottle":9,"TungstenRod":41,"Toy Ornithopter":41,"Ring of the Snake":0},{"Tiny House":10,"Happy Flower":16,"Oddly Smooth Stone":25,"Eternal Feather":8,"Bag of Preparation":13,"Juzu Bracelet":24,"Bottled Tornado":14,"Smiling Mask":23,"Centennial Puzzle":25,"Prayer Wheel":4,"Turnip":24,"Red Mask":12,"Black Star":18,"InkBottle":5,"TungstenRod":22,"Toy Ornithopter":22,"Ring of the Snake":0},{"Tiny House":47,"Happy Flower":73,"Oddly Smooth Stone":96,"Eternal Feather":39,"Bag of Preparation":60,"Juzu Bracelet":94,"Bottled Tornado":65,"Smiling Mask":91,"Centennial Puzzle":96,"Prayer Wheel":17,"Turnip":94,"Red Mask":56,"Black Star":79,"InkBottle":24,"TungstenRod":89,"Toy Ornithopter":89,"Ring of the Snake":0}],"InkBottle":[89],"TungstenRod":0,"Toy Ornithopter":10,"Ring of the Snake":[58]},"card_choices":[{"not_picked":["Mayhem","Transmutation"],"picked":"Violence","floor":0.0},{"not_picked":["Slice","Deflect"],"picked":"Escape Plan","floor":1},{"not_picked":["Setup","Deadly Poison"],"picked":"Slice","floor":2},{"not_picked":["Dagger Spray","Bouncing Flask"],"picked":"Terror","floor":3},{"not_picked":["Doppelganger","Flying Knee"],"picked":"Dagger Spray","floor":7},{"not_picked":["Caltrops","Heel Hook"],"picked":"Reflex","floor":8},{"not_picked":["Prepared","Dagger Spray"],"picked":"Acrobatics","floor":8},{"not_picked":["PiercingWail","Deadly Poison"],"picked":"Acrobatics","floor":10},{"not_picked":["Distraction","Prepared"],"picked":"Well Laid Plans","floor":10},{"not_picked":["Dagger Throw","Calculated Gamble"],"picked":"Blade Dance","floor":12},{"not_picked":["Quick Slash","Backstab"],"picked":"Glass Knife","floor":12},{"not_picked":["Acrobatics","Deadly Poison","Poisoned Stab"],"picked":"SKIP","floor":13},{"not_picked":["Bane","Deflect"],"picked":"Tactician","floor":14},{"not_picked":["Cloak And Dagger","Masterful Stab","Deflect"],"picked":"SKIP","floor":14},{"not_picked":["Slice","PiercingWail","Quick Slash"],"picked":"SKIP","floor":18},{"not_picked":["Flying Knee","Blade Dance","PiercingWail"],"picked":"SKIP","floor":18},{"not_picked":["Deflect","Slice"],"picked":"Calculated Gamble","floor":20},{"not_picked":["Outmaneuver","Endless Agony"],"picked":"Prepared","floor":21},{"not_picked":["Riddle With Holes+1","Dagger Spray","Quick Slash"],"picked":"SKIP","floor":21},{"not_picked":["Outmaneuver","Bouncing Flask","Expertise"],"picked":"SKIP","floor":24},{"not_picked":["Bane","Masterful Stab","Burst"],"picked":"SKIP","floor":24},{"not_picked":["Bane+1","Choke","Terror"],"picked":"SKIP","floor":28},{"not_picked":["Dagger Throw","Dodge and Roll","Sucker Punch"],"picked":"SKIP","floor":28},{"not_picked":["Underhanded Strike","Expertise+1","Flechettes"],"picked":"SKIP","floor":30},{"not_picked":["Sucker Punch","Choke"],"picked":"Concentrate+1","floor":31},{"not_picked":["Malaise","Flying Knee"],"picked":"Reflex","floor":31},{"not_picked":["Bullet Time","Phantasmal Killer"],"picked":"Venomology","floor":33},{"not_picked":["Blur","Concentrate","Cloak And Dagger"],"picked":"SKIP","floor":35},{"not_picked":["Flechettes","PiercingWail+1","Backstab+1"],"picked":"SKIP","floor":35},{"not_picked":["Blade Dance","Flying Knee+1"],"picked":"Accuracy+1","floor":36},{"not_picked":["Terror+1","All Out Attack","Bullet Time"],"picked":"SKIP","floor":36},{"not_picked":["Well Laid Plans","Dagger Spray","Infinite Blades"],"picked":"SKIP","floor":37},{"not_picked":["Dagger Spray","Calculated Gamble","Quick Slash"],"picked":"SKIP","floor":37},{"not_picked":["Magnetism","Enlightenment"],"picked":"Purity","floor":39},{"not_picked":["Backstab","Backflip","Dash"],"picked":"SKIP","floor":41},{"not_picked":["Backflip","Flying Knee","Sucker Punch"],"picked":"SKIP","floor":42},{"not_picked":["Dagger Spray","Backflip","Dodge and Roll"],"picked":"SKIP","floor":42},{"not_picked":["Glass Knife","Underhanded Strike","Acrobatics"],"picked":"SKIP","floor":44},{"not_picked":["Underhanded Strike+1","Dash","Cloak And Dagger"],"picked":"SKIP","floor":46},{"not_picked":["Catalyst","Deadly Poison","Leg Sweep"],"picked":"SKIP","floor":47},{"not_picked":["Backflip+1","Outmaneuver","Distraction"],"picked":"SKIP","floor":47},{"not_picked":["Flying Knee+1","Accuracy"],"picked":"Blade Dance+1","floor":48},{"not_picked":["Acrobatics","Blade Dance"],"picked":"Footwork","floor":48}],"player_experience":649709,"relics_obtained":[{"floor":7,"key":"Prayer Wheel"},{"floor":9,"key":"InkBottle"},{"floor":13,"key":"Eternal Feather"},{"floor":20,"key":"Red Mask"},{"floor":26,"key":"Bottled Tornado"},{"floor":30,"key":"Happy Flower"},{"floor":41,"key":"TungstenRod"},{"floor":41,"key":"Toy Ornithopter"},{"floor":43,"key":"Smiling Mask"},{"floor":44,"key":"Juzu Bracelet"},{"floor":44,"key":"Turnip"},{"floor":46,"key":"Oddly Smooth Stone"},{"floor":46,"key":"Centennial Puzzle"}],"event_choices":[{"damage_healed":0,"gold_gain":0,"player_choice":"Bought 3 Potions","damage_taken":0,"max_hp_gain":0,"max_hp_loss":0,"event_name":"The Woman in Blue","floor":4,"gold_loss":0},{"cards_removed":["Strike_G"],"damage_healed":0,"gold_gain":0,"player_choice":"Elegance","damage_taken":0,"max_hp_gain":0,"max_hp_loss":0,"event_name":"Back to Basics","floor":19,"gold_loss":0},{"damage_healed":0,"gold_gain":0,"player_choice":"Fought Bandits","damage_taken":0,"max_hp_gain":0,"max_hp_loss":0,"event_name":"Masked Bandits","floor":20,"gold_loss":0},{"cards_removed":["Glass Knife"],"damage_healed":62,"gold_gain":0,"player_choice":"Offered Rare","damage_taken":0,"max_hp_gain":10,"max_hp_loss":0,"event_name":"Bonfire Elementals","floor":25,"gold_loss":0},{"cards_removed":["Dagger Spray"],"damage_healed":0,"gold_gain":0,"player_choice":"Removed Attack","damage_taken":0,"max_hp_gain":0,"max_hp_loss":0,"event_name":"Falling","floor":38,"gold_loss":0},{"damage_healed":0,"gold_gain":0,"player_choice":"Memory 3","damage_taken":10,"max_hp_gain":0,"max_hp_loss":0,"event_name":"SensoryStone","floor":39,"gold_loss":0},{"damage_healed":0,"gold_gain":222,"player_choice":"Wore Mask","damage_taken":0,"max_hp_gain":0,"max_hp_loss":0,"event_name":"Tomb of Lord Red Mask","floor":45,"gold_loss":0}],"is_beta":false,"boss_relics":[{"not_picked":["Ectoplasm","Busted Crown"],"picked":"Tiny House"},{"not_picked":["Snecko Eye","Sozu"],"picked":"Black Star"}],"items_purged_floors":[5,22],"is_endless":false,"potions_floor_spawned":[1,3,7,8,14,24,28,30,31,33,37,42,46,47,48],"killed_by":"Time Eater","ascension_level":20}