{"gold_per_floor":[110,121,139,152,152,152],"floor_reached":6,"playtime":193,"items_purged":[],"score":76,"play_id":"ab8dff8b-d722-4ccd-bf59-775f2215c629","local_time":"20240407000734","is_ascension_mode":true,"campfire_choices":[],"neow_cost":"NONE","seed_source_timestamp":7285339208800,"circlet_count":0,"master_deck":["AscendersBane","Strike_G","Strike_G","Strike_G","Strike_G","Strike_G","Defend_G","Defend_G","Defend_G","Defend_G","Defend_G","Survivor","Neutralize","Calculated Gamble","Poisoned Stab","Caltrops","Dagger Throw"],"relics":["Fusion Hammer","Juzu Bracelet"],"potions_floor_usage":[6],"damage_taken":[{"damage":0,"enemies":"2 Louse","floor":1,"turns":5},{"damage":2,"enemies":"Small Slimes","floor":2,"turns":5},{"damage":4,"enemies":"Jaw Worm","floor":3,"turns":4},{"damage":9,"enemies":"Exordium Wildlife","floor":4,"turns":5},{"damage":34,"enemies":"3 Sentries","floor":6,"turns":8}],"seed_played":"6482964788865407496","potions_obtained":[{"floor":1,"key":"PowerPotion"},{"floor":3,"key":"FearPotion"}],"is_trial":false,"path_per_floor":["M","M","M","M","?","E"],"character_chosen":"THE_SILENT","basemod:card_modifiers":[null,null,null,null,null,null,null,null,null,null,null,null,null,null,null,null,null],"items_purchased":[],"campfire_rested":0,"item_purchase_floors":[],"current_hp_per_floor":[59,57,53,44,26,0],"gold":152,"neow_bonus":"BOSS_RELIC","is_prod":false,"is_daily":false,"chose_seed":false,"campfire_upgraded":0,"win_rate":0,"timestamp":1712416054,"path_taken":["M","M","M","M","?","E"],"build_version":"2022-12-18","purchased_purges":0,"victory":false,"max_hp_per_floor":[66,66,66,66,66,66],"relic_stats":{"counters":[5,27],"Juzu Bracelet":0,"obtain_stats":[{"Fusion Hammer":0,"Juzu Bracelet":5,"Ring of the Snake":0},{"Fusion Hammer":0,"Juzu Bracelet":4,"Ring of the Snake":0},{"Fusion Hammer":0,"Juzu Bracelet":19,"Ring of the Snake":0}]},"card_choices":[{"not_picked":["Prepared","Sucker Punch"],"picked":"Calculated Gamble","floor":1},{"not_picked":["Sucker Punch","Escape Plan"],"picked":"Poisoned Stab","floor":2},{"not_picked":["Backflip","Quick Slash"],"picked":"Caltrops","floor":3},{"not_picked":["Poisoned Stab","Prepared"],"picked":"Dagger Throw","floor":4}],"player_experience":654695,"relics_obtained":[],"event_choices":[{"damage_healed":0,"gold_gain":0,"player_choice":"Success","damage_taken":18,"relics_obtained":["Juzu Bracelet"],"max_hp_gain":0,"max_hp_loss":0,"event_name":"Scrap Ooze","floor":5,"gold_loss":0}],"is_beta":false,"boss_relics":[],"items_purged_floors":[],"is_endless":false,"potions_floor_spawned":[1,3],"killed_by":"3 Sentries","ascension_level":20}