{"gold_per_floor":[369,379,58,78,95,95,111,111],"floor_reached":8,"playtime":176,"items_purged":[],"score":100,"play_id":"2e62f318-d151-4ccd-b34c-b38ebb0ec6a7","local_time":"20240407013653","is_ascension_mode":true,"campfire_choices":[{"data":"Neutralize","floor":6.0,"key":"SMITH"}],"neow_cost":"TEN_PERCENT_HP_LOSS","seed_source_timestamp":12616451346300,"circlet_count":0,"master_deck":["AscendersBane","Strike_G","Strike_G","Strike_G","Strike_G","Strike_G","Defend_G","Defend_G","Defend_G","Defend_G","Defend_G","Survivor","Neutralize+1","Flying Knee","Dagger Throw","Heel Hook"],"special_seed":0,"relics":["Ring of the Snake","Tingsha"],"potions_floor_usage":[],"damage_taken":[{"damage":7.0,"enemies":"Cultist","floor":1.0,"turns":4.0},{"damage":2.0,"enemies":"2 Louse","floor":2.0,"turns":3.0},{"damage":4.0,"enemies":"Small Slimes","floor":4.0,"turns":3.0},{"damage":3.0,"enemies":"3 Louse","floor":5.0,"turns":5.0},{"damage":6.0,"enemies":"Red Slaver","floor":7.0,"turns":5.0},{"damage":0,"enemies":"Gremlin Nob","floor":8,"turns":1}],"seed_played":"1774358535414458871","potions_obtained":[{"floor":7.0,"key":"Dexterity Potion"}],"is_trial":false,"path_per_floor":["M","M","$","M","M","R","M","E"],"character_chosen":"THE_SILENT","basemod:card_modifiers":[null,null,null,null,null,null,null,null,null,null,null,null,null,null,null,null],"items_purchased":["Tingsha"],"campfire_rested":0,"item_purchase_floors":[3],"current_hp_per_floor":[52,50,50,46,43,43,37,37],"gold":111,"neow_bonus":"TWO_FIFTY_GOLD","is_prod":false,"is_daily":false,"chose_seed":false,"campfire_upgraded":1,"win_rate":0,"timestamp":1712421413,"path_taken":["M","M","$","M","M","R","M","E"],"build_version":"2022-12-18","purchased_purges":0,"victory":false,"max_hp_per_floor":[60,60,60,60,60,60,60,60],"relic_stats":{"counters":[6,21],"Tingsha":[13],"obtain_stats":[{"Tingsha":3,"Ring of the Snake":0},{"Tingsha":2,"Ring of the Snake":0},{"Tingsha":7,"Ring of the Snake":0}],"Ring of the Snake":[12]},"card_choices":[{"not_picked":["Deflect","Blur","Acrobatics"],"picked":"SKIP","floor":1.0},{"not_picked":["Escape Plan","Leg Sweep"],"picked":"Flying Knee","floor":2.0},{"not_picked":["Underhanded Strike","Eviscerate"],"picked":"Dagger Throw","floor":4.0},{"not_picked":["Deadly Poison","Flechettes","A Thousand Cuts"],"picked":"SKIP","floor":5.0},{"not_picked":["Deflect","Outmaneuver"],"picked":"Heel Hook","floor":7.0}],"player_experience":658968,"relics_obtained":[],"event_choices":[],"is_beta":false,"boss_relics":[],"items_purged_floors":[],"is_endless":false,"potions_floor_spawned":[7],"killed_by":"Gremlin Nob","ascension_level":20}