{"gold_per_floor":[362,362,374,389,143,143,68,143,143,155,155,188,188,215,215,290,290,303,263,279,279,52,52,72,89,116,129,156,156,37,50,50,50],"floor_reached":33,"playtime":906,"items_purged":["Defend_B"],"score":495,"play_id":"0ed8519c-78a1-4ff4-89d5-76154785b7ce","local_time":"20240417191450","is_ascension_mode":true,"campfire_choices":[{"data":"Fission","floor":6.0,"key":"SMITH"},{"floor":11.0,"key":"REST"},{"floor":13.0,"key":"REST"},{"data":"Beam Cell","floor":15.0,"key":"SMITH"},{"data":"Self Repair","floor":23.0,"key":"SMITH"},{"data":"Aggregate","floor":29.0,"key":"SMITH"},{"floor":32,"key":"RECALL"}],"neow_cost":"TEN_PERCENT_HP_LOSS","seed_source_timestamp":0,"circlet_count":0,"master_deck":["AscendersBane","Strike_B","Strike_B","Strike_B","Defend_B","Defend_B+1","Defend_B","Zap","Dualcast+1","Conserve Battery","Genetic Algorithm","Barrage","Ball Lightning","Cold Snap","Fission+1","Compile Driver","Darkness","Self Repair+1","Beam Cell+1","Core Surge","Echo Form","Auto Shields","Consume","Compile Driver+1","Aggregate+1","Go for the Eyes","Compile Driver","Biased Cognition+1"],"special_seed":0,"relics":["Cracked Core","Orrery","Toy Ornithopter","Cables","The Courier","Coffee Dripper","Frozen Egg 2","War Paint","Toxic Egg 2"],"potions_floor_usage":[31],"damage_taken":[{"damage":9.0,"enemies":"2 Louse","floor":1.0,"turns":3.0},{"damage":4.0,"enemies":"Small Slimes","floor":3.0,"turns":3.0},{"damage":5.0,"enemies":"Jaw Worm","floor":4.0,"turns":4.0},{"damage":30.0,"enemies":"Gremlin Gang","floor":10.0,"turns":3.0},{"damage":26.0,"enemies":"3 Sentries","floor":12.0,"turns":8.0},{"damage":13.0,"enemies":"Gremlin Nob","floor":14.0,"turns":4.0},{"damage":13.0,"enemies":"Slime Boss","floor":16.0,"turns":10.0},{"damage":0.0,"enemies":"Spheric Guardian","floor":18.0,"turns":3.0},{"damage":15.0,"enemies":"3 Byrds","floor":20.0,"turns":4.0},{"damage":33.0,"enemies":"Snake Plant","floor":24.0,"turns":3.0},{"damage":18.0,"enemies":"Centurion and Healer","floor":25.0,"turns":5.0},{"damage":15.0,"enemies":"Snecko","floor":27.0,"turns":4.0},{"damage":36.0,"enemies":"Slavers","floor":28.0,"turns":6.0},{"damage":19,"enemies":"Shelled Parasite and Fungi","floor":31,"turns":7},{"damage":28,"enemies":"Collector","floor":33,"turns":2}],"seed_played":"-8832336128857191990","potions_obtained":[{"floor":3.0,"key":"Regen Potion"},{"floor":12.0,"key":"SkillPotion"},{"floor":14.0,"key":"EssenceOfSteel"},{"floor":18.0,"key":"Explosive Potion"},{"floor":19.0,"key":"PotionOfCapacity"},{"floor":19.0,"key":"LiquidMemories"},{"floor":24.0,"key":"EssenceOfDarkness"},{"floor":28.0,"key":"Dexterity Potion"}],"is_trial":false,"path_per_floor":["M","?","M","M","$","R","?","?","T","M","R","E","R","E","R","B",null,"M","?","M","?","$","R","M","M","T","M","E","R","$","M","R","B"],"character_chosen":"DEFECT","basemod:card_modifiers":[null,null,null,null,null,null,null,null,null,null,null,null,null,null,null,null,null,null,null,null,null,null,null,null,null,null,null,null],"items_purchased":["Orrery","Frozen Egg 2","Biased Cognition+1"],"campfire_rested":2,"item_purchase_floors":[5,22,30],"current_hp_per_floor":[55,60,56,51,51,51,51,40,40,24,44,25,45,39,39,43,63,69,69,61,61,61,61,43,45,45,45,19,19,19,15,15,0],"gold":50,"neow_bonus":"TWO_FIFTY_GOLD","is_prod":false,"is_daily":false,"chose_seed":false,"campfire_upgraded":4,"win_rate":0,"timestamp":1713348890,"path_taken":["M","?","M","M","$","R","?","?","T","M","R","E","R","E","R","BOSS","M","?","?","?","$","R","M","M","T","M","E","R","$","M","R","BOSS"],"build_version":"2022-12-18","purchased_purges":1,"victory":false,"max_hp_per_floor":[64,69,69,69,69,69,69,69,69,69,69,69,69,69,69,69,69,69,69,69,69,69,69,69,69,69,69,69,69,69,69,69,69],"relic_stats":{"counters":[15,69],"The Courier":87,"War Paint":["Defend_B","Dualcast"],"obtain_stats":[{"Orrery":5,"The Courier":14,"Coffee Dripper":17,"Frozen Egg 2":22,"War Paint":26,"Toxic Egg 2":28,"Cracked Core":0,"Toy Ornithopter":9,"Cables":12},{"Orrery":3,"The Courier":6,"Coffee Dripper":7,"Frozen Egg 2":9,"War Paint":11,"Toxic Egg 2":13,"Cracked Core":0,"Toy Ornithopter":3,"Cables":5},{"Orrery":10,"The Courier":25,"Coffee Dripper":35,"Frozen Egg 2":42,"War Paint":50,"Toxic Egg 2":60,"Cracked Core":0,"Toy Ornithopter":10,"Cables":21}],"Toy Ornithopter":30,"Cables":[34,22,6,6,0]},"card_choices":[{"not_picked":["Leap","Turbo"],"picked":"Conserve Battery","floor":1.0},{"not_picked":["Conserve Battery","Static Discharge"],"picked":"Genetic Algorithm","floor":3.0},{"not_picked":["Steam","Gash"],"picked":"Barrage","floor":4.0},{"not_picked":["Redo","Rip and Tear"],"picked":"Ball Lightning","floor":5.0},{"not_picked":["Amplify","Scrape"],"picked":"Cold Snap","floor":5.0},{"not_picked":["Compile Driver","Conserve Battery"],"picked":"Fission","floor":5.0},{"not_picked":["Hologram","Go for the Eyes"],"picked":"Compile Driver","floor":5.0},{"not_picked":["White Noise","Steam"],"picked":"Darkness","floor":5.0},{"not_picked":["Streamline","Reprogram"],"picked":"Self Repair","floor":10.0},{"not_picked":["Gash","Leap"],"picked":"Beam Cell","floor":12.0},{"not_picked":["Self Repair","Scrape"],"picked":"Core Surge","floor":14.0},{"not_picked":["Core Surge","Creative AI"],"picked":"Echo Form","floor":16.0},{"not_picked":["Beam Cell","Barrage"],"picked":"Auto Shields","floor":18.0},{"not_picked":["Ball Lightning","Leap"],"picked":"Consume","floor":20.0},{"not_picked":["Scrape+1","Self Repair+1"],"picked":"Compile Driver+1","floor":24.0},{"not_picked":["Compile Driver","Ball Lightning"],"picked":"Aggregate","floor":25.0},{"not_picked":["Chaos","Rebound"],"picked":"Go for the Eyes","floor":27.0},{"not_picked":["Conserve Battery+1","Force Field+1"],"picked":"Compile Driver","floor":28.0},{"not_picked":["Chill+1","Compile Driver","Go for the Eyes"],"picked":"SKIP","floor":31}],"player_experience":662868,"relics_obtained":[{"floor":9.0,"key":"Toy Ornithopter"},{"floor":12.0,"key":"Cables"},{"floor":14.0,"key":"The Courier"},{"floor":26.0,"key":"War Paint"},{"floor":28.0,"key":"Toxic Egg 2"}],"event_choices":[{"damage_healed":0.0,"max_hp_gain":5.0,"max_hp_loss":0.0,"gold_gain":0.0,"event_name":"Big Fish","player_choice":"Donut","floor":2.0,"gold_loss":0.0,"damage_taken":0.0},{"cards_removed":["Strike_B"],"damage_healed":0.0,"max_hp_gain":0.0,"max_hp_loss":0.0,"gold_gain":0.0,"event_name":"The Cleric","player_choice":"Card Removal","floor":7.0,"gold_loss":75.0,"damage_taken":0.0},{"damage_healed":0.0,"max_hp_gain":0.0,"max_hp_loss":0.0,"gold_gain":75.0,"event_name":"World of Goop","player_choice":"Gather Gold","floor":8.0,"gold_loss":0.0,"damage_taken":11.0},{"damage_healed":0.0,"max_hp_gain":0.0,"max_hp_loss":0.0,"gold_gain":0.0,"event_name":"The Woman in Blue","player_choice":"Bought 3 Potions","floor":19.0,"gold_loss":0.0,"damage_taken":0.0},{"damage_healed":0.0,"max_hp_gain":0.0,"max_hp_loss":0.0,"gold_gain":0.0,"event_name":"Ghosts","player_choice":"Ignored","floor":21.0,"gold_loss":0.0,"damage_taken":0.0}],"is_beta":false,"boss_relics":[{"not_picked":["Fusion Hammer","SlaversCollar"],"picked":"Coffee Dripper"}],"items_purged_floors":[5],"is_endless":false,"potions_floor_spawned":[3,12,14,18,24,25,28],"killed_by":"Collector","ascension_level":16}