{"gold_per_floor":[110,124,49,49,63,63,83,116,168,186,211,211,211,227,227,303,303,319,299,66,76,76,76,103,103,103,103,131,26,41,53,53,126,126,140,140,140,156,168,198,47,47,47,47,57,69,69,94,94,94,94,94,24,53,53],"floor_reached":55,"playtime":2259,"items_purged":["Rip and Tear"],"score":1216,"play_id":"cdf08521-09b4-4735-bc37-dc77cef63dc5","local_time":"20240417005628","is_ascension_mode":true,"campfire_choices":[{"data":"Barrage","floor":6.0,"key":"SMITH"},{"floor":13.0,"key":"REST"},{"data":"Zap","floor":15.0,"key":"SMITH"},{"data":"Fission","floor":23.0,"key":"SMITH"},{"data":"Biased Cognition","floor":25.0,"key":"SMITH"},{"floor":32.0,"key":"REST"},{"floor":42.0,"key":"REST"},{"data":"Recycle","floor":44.0,"key":"SMITH"},{"floor":47.0,"key":"RECALL"},{"data":"Coolheaded","floor":49.0,"key":"SMITH"},{"data":"Seek","floor":52.0,"key":"SMITH"}],"neow_cost":"NONE","seed_source_timestamp":0,"circlet_count":0,"master_deck":["AscendersBane","Zap+1","Dualcast","Barrage+1","Compile Driver+1","BootSequence","Ball Lightning","Seek+1","Core Surge","Chill","Recycle+1","Sunder","Aggregate","Biased Cognition+1","Amplify","Leap","Fission+1","Conserve Battery","Capacitor","Reinforced Body","Glacier","Echo Form","Darkness","Compile Driver","Injury","Coolheaded+1","Compile Driver","Skim","Skim"],"special_seed":0,"relics":["Cracked Core","Symbiotic Virus","Whetstone","Lantern","Question Card","Pandora\u0027s Box","Gremlin Horn","Letter Opener","Happy Flower","Cursed Key","Kunai","ClockworkSouvenir","Pocketwatch","Bottled Tornado"],"potions_floor_usage":[55],"damage_taken":[{"damage":8.0,"enemies":"Small Slimes","floor":1.0,"turns":3.0},{"damage":12.0,"enemies":"Jaw Worm","floor":2.0,"turns":2.0},{"damage":0.0,"enemies":"2 Louse","floor":5.0,"turns":3.0},{"damage":18.0,"enemies":"Red Slaver","floor":7.0,"turns":4.0},{"damage":8.0,"enemies":"Gremlin Nob","floor":8.0,"turns":3.0},{"damage":7.0,"enemies":"Exordium Thugs","floor":10.0,"turns":3.0},{"damage":10.0,"enemies":"3 Sentries","floor":11.0,"turns":7.0},{"damage":0.0,"enemies":"Large Slime","floor":14.0,"turns":3.0},{"damage":29.0,"enemies":"Hexaghost","floor":16.0,"turns":8.0},{"damage":8.0,"enemies":"2 Thieves","floor":18.0,"turns":3.0},{"damage":0.0,"enemies":"Chosen","floor":21.0,"turns":3.0},{"damage":25.0,"enemies":"Slavers","floor":24.0,"turns":4.0},{"damage":25.0,"enemies":"Book of Stabbing","floor":28.0,"turns":3.0},{"damage":0.0,"enemies":"Snake Plant","floor":30.0,"turns":2.0},{"damage":0.0,"enemies":"Cultist and Chosen","floor":31.0,"turns":6.0},{"damage":23.0,"enemies":"Champ","floor":33.0,"turns":9.0},{"damage":3.0,"enemies":"3 Shapes","floor":35.0,"turns":2.0},{"damage":5.0,"enemies":"3 Darklings","floor":38.0,"turns":3.0},{"damage":13.0,"enemies":"Writhing Mass","floor":39.0,"turns":5.0},{"damage":23.0,"enemies":"Nemesis","floor":40.0,"turns":5.0},{"damage":0.0,"enemies":"Maw","floor":45.0,"turns":7.0},{"damage":11.0,"enemies":"Jaw Worm Horde","floor":46.0,"turns":4.0},{"damage":0.0,"enemies":"Mind Bloom Boss Battle","floor":48.0,"turns":3.0},{"damage":3.0,"enemies":"Awakened One","floor":50.0,"turns":11.0},{"damage":1.0,"enemies":"Shield and Spear","floor":54.0,"turns":6.0},{"damage":67,"enemies":"The Heart","floor":55,"turns":9}],"seed_played":"-6386464869258194321","potions_obtained":[{"floor":2.0,"key":"Swift Potion"},{"floor":5.0,"key":"GamblersBrew"},{"floor":8.0,"key":"FocusPotion"},{"floor":11.0,"key":"EssenceOfDarkness"},{"floor":14.0,"key":"LiquidMemories"},{"floor":16.0,"key":"CultistPotion"},{"floor":19.0,"key":"Fruit Juice"},{"floor":21.0,"key":"SpeedPotion"},{"floor":33.0,"key":"SpeedPotion"},{"floor":38.0,"key":"PowerPotion"},{"floor":39.0,"key":"Block Potion"},{"floor":45.0,"key":"GamblersBrew"}],"is_trial":false,"path_per_floor":["M","M","?","T","M","R","M","E","T","M","E","?","R","M","R","B",null,"M","?","$","M","?","R","E","R","T","?","E","$","M","M","R","B",null,"M","?","?","M","M","E","$","R","T","R","M","M","R","?","R","B",null,"R","$","E","B"],"character_chosen":"DEFECT","basemod:card_modifiers":[null,null,null,null,null,null,null,null,null,null,null,null,null,null,null,null,null,null,null,null,null,null,null,null,null,null,null,null,null],"items_purchased":["Fission","Capacitor","Reinforced Body","ClockworkSouvenir","Skim"],"campfire_rested":3,"item_purchase_floors":[20,29,29,41,53],"current_hp_per_floor":[63,51,51,51,51,51,33,25,25,18,8,8,31,31,31,2,59,51,51,51,56,56,56,31,31,31,31,6,6,6,6,30,7,64,61,61,61,56,43,20,20,43,43,43,43,32,32,32,32,29,67,67,67,66,0],"gold":53,"neow_bonus":"TEN_PERCENT_HP_BONUS","is_prod":false,"is_daily":false,"chose_seed":false,"campfire_upgraded":7,"win_rate":0,"timestamp":1713282988,"path_taken":["M","M","?","?","M","R","M","E","T","M","E","?","R","M","R","BOSS","M","?","$","?","?","R","E","R","T","?","E","?","M","M","R","BOSS","M","?","?","M","M","E","$","R","T","R","M","M","R","?","R","BOSS","R","$","E","BOSS"],"build_version":"2022-12-18","purchased_purges":1,"victory":false,"max_hp_per_floor":[78,78,78,78,78,78,78,78,78,78,78,78,78,78,78,78,78,78,78,78,83,83,83,83,83,83,83,83,83,83,83,83,83,83,83,79,79,79,79,79,79,79,79,79,79,79,79,79,79,79,79,79,79,79,79],"relic_stats":{"Gremlin Horn":[11,11],"Happy Flower":[24],"counters":[26,121],"Pandora\u0027s Box":["Chill","Recycle","Sunder","Aggregate","Biased Cognition","Amplify","Rip and Tear"],"Whetstone":["Compile Driver","Strike_B"],"Letter Opener":[348],"Kunai":[19],"Bottled Tornado":"Echo Form","Question Card":17,"Cursed Key":1,"obtain_stats":[{"Lantern":9,"Gremlin Horn":24,"Happy Flower":28,"Whetstone":8,"Letter Opener":26,"Bottled Tornado":54,"Question Card":11,"Cursed Key":34,"ClockworkSouvenir":41,"Pandora\u0027s Box":17,"Kunai":40,"Cracked Core":0,"Symbiotic Virus":4,"Pocketwatch":48},{"Lantern":5,"Gremlin Horn":12,"Happy Flower":13,"Whetstone":5,"Letter Opener":12,"Bottled Tornado":25,"Question Card":7,"Cursed Key":16,"ClockworkSouvenir":20,"Pandora\u0027s Box":9,"Kunai":20,"Cracked Core":0,"Symbiotic Virus":2,"Pocketwatch":23},{"Lantern":15,"Gremlin Horn":46,"Happy Flower":49,"Whetstone":15,"Letter Opener":46,"Bottled Tornado":112,"Question Card":25,"Cursed Key":66,"ClockworkSouvenir":81,"Pandora\u0027s Box":36,"Kunai":81,"Cracked Core":0,"Symbiotic Virus":5,"Pocketwatch":95}],"Pocketwatch":[12]},"card_choices":[{"not_picked":["Sweeping Beam","White Noise"],"picked":"Barrage","floor":1.0},{"not_picked":["Steam","Turbo","All For One"],"picked":"SKIP","floor":2.0},{"not_picked":["Auto Shields","Leap","Steam"],"picked":"SKIP","floor":5.0},{"not_picked":["Static Discharge","Scrape","Rebound"],"picked":"SKIP","floor":7.0},{"not_picked":["Leap","Gash"],"picked":"Compile Driver","floor":8.0},{"not_picked":["Redo","White Noise"],"picked":"BootSequence","floor":10.0},{"not_picked":["Streamline","Rebound"],"picked":"Ball Lightning","floor":11.0},{"not_picked":["Go for the Eyes","Gash","Turbo"],"picked":"Seek","floor":14.0},{"not_picked":["Meteor Strike","Thunder Strike","Rainbow"],"picked":"Core Surge","floor":16.0},{"not_picked":["Melter","Steam","Compile Driver"],"picked":"Leap","floor":18.0},{"not_picked":["Go for the Eyes","Beam Cell","Fusion"],"picked":"Conserve Battery","floor":21.0},{"not_picked":["Beam Cell","Compile Driver","Doom and Gloom","Ball Lightning"],"picked":"SKIP","floor":24.0},{"not_picked":["Beam Cell","Lockon","Turbo","Leap"],"picked":"SKIP","floor":28.0},{"not_picked":["Amplify","Sweeping Beam","Doom and Gloom","Chaos"],"picked":"SKIP","floor":30.0},{"not_picked":["Fusion","Consume","Blizzard"],"picked":"Glacier","floor":31.0},{"not_picked":["Electrodynamics","Seek","Rainbow"],"picked":"Echo Form","floor":33.0},{"not_picked":["Beam Cell","Recycle+1","Redo+1","Static Discharge+1"],"picked":"SKIP","floor":35.0},{"not_picked":["Redo","Hello World","Glacier"],"picked":"Darkness","floor":38.0},{"not_picked":["Streamline","Loop+1","Steam"],"picked":"Compile Driver","floor":39.0},{"not_picked":["Steam Power+1","Steam","Streamline","Electrodynamics"],"picked":"SKIP","floor":40.0},{"not_picked":["Gash","Steam+1","Beam Cell+1"],"picked":"Coolheaded","floor":45.0},{"not_picked":["Turbo","Melter","Conserve Battery+1"],"picked":"Compile Driver","floor":46.0},{"not_picked":["Steam Power","Lockon","Chaos"],"picked":"Skim","floor":54.0}],"player_experience":660609,"relics_obtained":[{"floor":4.0,"key":"Symbiotic Virus"},{"floor":8.0,"key":"Whetstone"},{"floor":9.0,"key":"Lantern"},{"floor":11.0,"key":"Question Card"},{"floor":24.0,"key":"Gremlin Horn"},{"floor":26.0,"key":"Letter Opener"},{"floor":28.0,"key":"Happy Flower"},{"floor":40.0,"key":"Kunai"},{"floor":48.0,"key":"Pocketwatch"},{"floor":54.0,"key":"Bottled Tornado"}],"event_choices":[{"cards_removed":["Strike_B"],"damage_healed":0.0,"max_hp_gain":0.0,"max_hp_loss":0.0,"gold_gain":0.0,"event_name":"The Cleric","player_choice":"Card Removal","floor":3.0,"gold_loss":75.0,"damage_taken":0.0},{"damage_healed":0.0,"max_hp_gain":0.0,"max_hp_loss":0.0,"gold_gain":0.0,"event_name":"Dead Adventurer","player_choice":"Searched \u00270\u0027 times","floor":12.0,"gold_loss":0.0,"damage_taken":0.0},{"damage_healed":0.0,"max_hp_gain":0.0,"max_hp_loss":0.0,"gold_gain":0.0,"event_name":"The Woman in Blue","player_choice":"Bought 1 Potion","floor":19.0,"gold_loss":0.0,"damage_taken":0.0},{"damage_healed":0.0,"max_hp_gain":0.0,"max_hp_loss":0.0,"gold_gain":0.0,"event_name":"Cursed Tome","player_choice":"Ignored","floor":27.0,"gold_loss":0.0,"damage_taken":0.0},{"damage_healed":0.0,"max_hp_gain":0.0,"max_hp_loss":4.0,"gold_gain":0.0,"event_name":"Winding Halls","player_choice":"Max HP","floor":36.0,"gold_loss":0.0,"damage_taken":0.0},{"damage_healed":0.0,"max_hp_gain":0.0,"max_hp_loss":0.0,"gold_gain":0.0,"event_name":"Tomb of Lord Red Mask","player_choice":"Ignored","floor":37.0,"gold_loss":0.0,"damage_taken":0.0},{"damage_healed":0.0,"max_hp_gain":0.0,"max_hp_loss":0.0,"gold_gain":0.0,"event_name":"MindBloom","player_choice":"Fight","floor":48.0,"gold_loss":0.0,"damage_taken":0.0}],"is_beta":false,"boss_relics":[{"not_picked":["Busted Crown","Calling Bell"],"picked":"Pandora\u0027s Box"},{"not_picked":["SlaversCollar","Empty Cage"],"picked":"Cursed Key"}],"items_purged_floors":[20],"is_endless":false,"potions_floor_spawned":[2,5,8,11,14,16,21,30,33,38,39,45,46],"killed_by":"The Heart","ascension_level":15}