{"gold_per_floor":[109,126,201,161,176,176,205,205,205,238,2,73,73,105,105,178,178,197,197,208,133,153,184,40,40,63,95,95,148,167,180,180,254,254,274,284,284,296,296,311,33,33,33,65,65,65,77,97,97,97,97,97,14,42,42],"floor_reached":55,"playtime":1601,"items_purged":["Defend_B","Strike_B","Defend_B"],"score":1355,"play_id":"90861907-1093-4370-aa9b-3aea7661a0e0","local_time":"20240417194712","is_ascension_mode":true,"campfire_choices":[{"data":"Coolheaded","floor":6.0,"key":"SMITH"},{"data":"Go for the Eyes","floor":8.0,"key":"SMITH"},{"data":"Dualcast","floor":15.0,"key":"SMITH"},{"floor":25.0,"key":"REST"},{"data":"Scrape","floor":28.0,"key":"SMITH"},{"data":"Zap","floor":32.0,"key":"SMITH"},{"data":"Defragment","floor":42.0,"key":"SMITH"},{"floor":46.0,"key":"REST"},{"floor":49.0,"key":"RECALL"},{"data":"Seek","floor":52.0,"key":"SMITH"}],"neow_cost":"NONE","seed_source_timestamp":17258029640500,"circlet_count":0,"master_deck":["AscendersBane","Zap+1","Dualcast+1","Glacier","Go for the Eyes+1","Coolheaded+1","Cold Snap","Ball Lightning+1","Core Surge","Beam Cell+1","Barrage","All For One","Self Repair","Scrape+1","FTL","Hello World+1","Seek+1","Stack","Turbo","Aggregate","Scrape","Defragment+1","Skim+1","White Noise+1","Conserve Battery","Storm","Hello World"],"special_seed":0,"relics":["Cracked Core","NeowsBlessing","Pen Nib","Shuriken","Emotion Chip","DataDisk","HornCleat","StoneCalendar","Empty Cage","Whetstone","Strawberry","Boot","Vajra","Inserter","Mummified Hand","StrikeDummy"],"potions_floor_usage":[],"damage_taken":[{"damage":0.0,"enemies":"Small Slimes","floor":1.0,"turns":1.0},{"damage":0.0,"enemies":"Jaw Worm","floor":2.0,"turns":1.0},{"damage":0.0,"enemies":"Cultist","floor":5.0,"turns":1.0},{"damage":6.0,"enemies":"Lagavulin","floor":7.0,"turns":8.0},{"damage":10.0,"enemies":"3 Sentries","floor":10.0,"turns":9.0},{"damage":2.0,"enemies":"Lagavulin","floor":14.0,"turns":7.0},{"damage":0.0,"enemies":"The Guardian","floor":16.0,"turns":9.0},{"damage":0.0,"enemies":"Chosen","floor":18.0,"turns":4.0},{"damage":13.0,"enemies":"2 Thieves","floor":20.0,"turns":3.0},{"damage":17.0,"enemies":"Centurion and Healer","floor":22.0,"turns":5.0},{"damage":9.0,"enemies":"Gremlin Leader","floor":23.0,"turns":4.0},{"damage":12.0,"enemies":"Book of Stabbing","floor":27.0,"turns":6.0},{"damage":0.0,"enemies":"3 Cultists","floor":30.0,"turns":5.0},{"damage":7.0,"enemies":"Shelled Parasite and Fungi","floor":31.0,"turns":3.0},{"damage":10.0,"enemies":"Automaton","floor":33.0,"turns":6.0},{"damage":0.0,"enemies":"3 Shapes","floor":35.0,"turns":7.0},{"damage":17.0,"enemies":"3 Darklings","floor":36.0,"turns":4.0},{"damage":15.0,"enemies":"Spire Growth","floor":38.0,"turns":4.0},{"damage":18.0,"enemies":"Jaw Worm Horde","floor":40.0,"turns":3.0},{"damage":29.0,"enemies":"Nemesis","floor":44.0,"turns":5.0},{"damage":0.0,"enemies":"Maw","floor":47.0,"turns":6.0},{"damage":10.0,"enemies":"3 Darklings","floor":48.0,"turns":3.0},{"damage":28.0,"enemies":"Awakened One","floor":50.0,"turns":11.0},{"damage":15.0,"enemies":"Shield and Spear","floor":54.0,"turns":5.0},{"damage":55,"enemies":"The Heart","floor":55,"turns":3}],"seed_played":"-1779661625032971657","potions_obtained":[{"floor":1.0,"key":"SteroidPotion"},{"floor":4.0,"key":"Weak Potion"},{"floor":4.0,"key":"Strength Potion"},{"floor":7.0,"key":"Fire Potion"},{"floor":18.0,"key":"EntropicBrew"},{"floor":23.0,"key":"Swift Potion"},{"floor":30.0,"key":"FearPotion"},{"floor":33.0,"key":"Block Potion"},{"floor":44.0,"key":"SkillPotion"},{"floor":48.0,"key":"GamblersBrew"},{"floor":54.0,"key":"FearPotion"}],"is_trial":false,"path_per_floor":["M","M","?","?","M","R","E","R","T","E","$","T","$","E","R","B",null,"M","?","M","?","M","E","$","R","T","E","R","T","M","M","R","B",null,"M","M","?","M","?","M","$","R","T","E","?","R","M","M","R","B",null,"R","$","E","B"],"character_chosen":"DEFECT","basemod:card_modifiers":[null,null,null,null,null,null,null,null,null,null,null,null,null,null,null,null,null,null,null,null,null,null,null,null,null,null,null],"items_purchased":["DataDisk","Self Repair","Defragment","Skim","Hello World"],"campfire_rested":2,"item_purchase_floors":[11,24,41,41,53],"current_hp_per_floor":[64,64,53,53,53,53,47,47,47,37,37,37,37,35,35,35,62,62,62,49,49,32,23,23,44,51,46,46,46,53,46,46,43,69,76,59,59,51,51,40,40,40,40,18,18,41,48,45,45,17,63,63,63,55,0],"gold":42,"neow_bonus":"THREE_ENEMY_KILL","is_prod":false,"is_daily":false,"chose_seed":false,"campfire_upgraded":7,"win_rate":0,"timestamp":1713350832,"path_taken":["M","M","?","?","?","R","E","R","T","E","?","?","$","E","R","BOSS","M","?","M","?","?","E","$","R","T","E","R","?","M","M","R","BOSS","M","M","?","M","?","?","$","R","T","E","?","R","?","M","R","BOSS","R","$","E","BOSS"],"build_version":"2022-12-18","purchased_purges":3,"victory":false,"max_hp_per_floor":[71,71,71,71,71,71,71,71,71,71,71,71,71,71,71,71,71,71,71,71,71,71,71,71,71,78,78,78,78,78,78,78,78,78,78,78,78,78,78,78,78,78,78,78,78,78,78,78,78,78,78,78,78,78,78],"relic_stats":{"Emotion Chip":[50,23,27,0,0],"Inserter":[25],"counters":[25,123],"Shuriken":[62],"Mummified Hand":[18],"StoneCalendar":[108],"Pen Nib":[29],"Whetstone":["Beam Cell","Ball Lightning"],"Boot":[39],"obtain_stats":[{"Inserter":34,"NeowsBlessing":0,"Vajra":29,"StoneCalendar":14,"Pen Nib":7,"Whetstone":23,"Empty Cage":17,"Boot":27,"Emotion Chip":10,"DataDisk":11,"HornCleat":12,"Shuriken":9,"Mummified Hand":44,"Strawberry":26,"Cracked Core":0,"StrikeDummy":54},{"Inserter":15,"NeowsBlessing":0,"Vajra":12,"StoneCalendar":6,"Pen Nib":4,"Whetstone":11,"Empty Cage":7,"Boot":12,"Emotion Chip":5,"DataDisk":5,"HornCleat":5,"Shuriken":4,"Mummified Hand":20,"Strawberry":11,"Cracked Core":0,"StrikeDummy":24},{"Inserter":72,"NeowsBlessing":0,"Vajra":58,"StoneCalendar":27,"Pen Nib":11,"Whetstone":52,"Empty Cage":36,"Boot":58,"Emotion Chip":20,"DataDisk":20,"HornCleat":20,"Shuriken":11,"Mummified Hand":95,"Strawberry":52,"Cracked Core":0,"StrikeDummy":120}]},"card_choices":[{"not_picked":["Barrage","Cold Snap"],"picked":"Glacier","floor":1.0},{"not_picked":["Chaos","Turbo"],"picked":"Go for the Eyes","floor":2.0},{"not_picked":["Loop","Steam"],"picked":"Coolheaded","floor":5.0},{"not_picked":["Recycle","Rebound"],"picked":"Cold Snap","floor":7.0},{"not_picked":["Steam","Fusion","Scrape"],"picked":"SKIP","floor":10.0},{"not_picked":["Leap","FTL"],"picked":"Ball Lightning","floor":14.0},{"not_picked":["Creative AI","Amplify"],"picked":"Core Surge","floor":16.0},{"not_picked":["Reinforced Body+1","Rebound"],"picked":"Beam Cell","floor":18.0},{"not_picked":["Leap","Storm","Cold Snap"],"picked":"SKIP","floor":20.0},{"not_picked":["Leap","Streamline"],"picked":"Barrage","floor":22.0},{"not_picked":["Barrage+1","Conserve Battery"],"picked":"All For One","floor":23.0},{"not_picked":["Doom and Gloom","Gash"],"picked":"Scrape","floor":27.0},{"not_picked":["Beam Cell","Tempest"],"picked":"FTL","floor":30.0},{"not_picked":["Streamline","Leap"],"picked":"Hello World+1","floor":31.0},{"not_picked":["Echo Form","Rainbow"],"picked":"Seek","floor":33.0},{"not_picked":["Recycle","BootSequence"],"picked":"Stack","floor":35.0},{"not_picked":["Redo+1","Double Energy"],"picked":"Turbo","floor":36.0},{"not_picked":["Tempest+1","Rebound"],"picked":"Aggregate","floor":38.0},{"not_picked":["Gash","Ball Lightning+1"],"picked":"Scrape","floor":40.0},{"not_picked":["Lockon","Cold Snap+1"],"picked":"White Noise+1","floor":44.0},{"not_picked":["Ball Lightning","All For One"],"picked":"Conserve Battery","floor":47.0},{"not_picked":["Leap","Darkness"],"picked":"Storm","floor":48.0},{"not_picked":["Tempest","Blizzard","Steam"],"picked":"SKIP","floor":54.0}],"player_experience":663906,"relics_obtained":[{"floor":7.0,"key":"Pen Nib"},{"floor":9.0,"key":"Shuriken"},{"floor":10.0,"key":"Emotion Chip"},{"floor":12.0,"key":"HornCleat"},{"floor":14.0,"key":"StoneCalendar"},{"floor":23.0,"key":"Whetstone"},{"floor":26.0,"key":"Strawberry"},{"floor":27.0,"key":"Boot"},{"floor":29.0,"key":"Vajra"},{"floor":44.0,"key":"Mummified Hand"},{"floor":54.0,"key":"StrikeDummy"}],"event_choices":[{"damage_healed":0.0,"max_hp_gain":0.0,"max_hp_loss":0.0,"gold_gain":75.0,"event_name":"World of Goop","player_choice":"Gather Gold","floor":3.0,"gold_loss":0.0,"damage_taken":11.0},{"damage_healed":0.0,"max_hp_gain":0.0,"max_hp_loss":0.0,"gold_gain":0.0,"event_name":"The Woman in Blue","player_choice":"Bought 3 Potions","floor":4.0,"gold_loss":0.0,"damage_taken":0.0},{"cards_removed":["Defend_B"],"damage_healed":0.0,"max_hp_gain":0.0,"max_hp_loss":0.0,"gold_gain":0.0,"event_name":"Back to Basics","player_choice":"Elegance","floor":19.0,"gold_loss":0.0,"damage_taken":0.0},{"cards_removed":["Strike_B"],"damage_healed":0.0,"max_hp_gain":0.0,"max_hp_loss":0.0,"gold_gain":0.0,"event_name":"Beggar","player_choice":"Gave Gold","floor":21.0,"gold_loss":75.0,"damage_taken":0.0},{"cards_removed":["Strike_B"],"damage_healed":0.0,"max_hp_gain":0.0,"max_hp_loss":0.0,"gold_gain":0.0,"event_name":"Falling","player_choice":"Removed Attack","floor":37.0,"gold_loss":0.0,"damage_taken":0.0},{"damage_healed":0.0,"max_hp_gain":0.0,"max_hp_loss":0.0,"gold_gain":0.0,"event_name":"SecretPortal","player_choice":"Ignored","floor":39.0,"gold_loss":0.0,"damage_taken":0.0},{"damage_healed":0.0,"max_hp_gain":0.0,"max_hp_loss":0.0,"gold_gain":0.0,"event_name":"Accursed Blacksmith","player_choice":"Forge","floor":45.0,"gold_loss":0.0,"damage_taken":0.0,"cards_upgraded":["Skim"]}],"is_beta":false,"boss_relics":[{"not_picked":["FrozenCore","Calling Bell"],"picked":"Empty Cage"},{"not_picked":["Busted Crown","Snecko Eye"],"picked":"Inserter"}],"items_purged_floors":[11,24,41],"is_endless":false,"potions_floor_spawned":[1,7,18,23,30,31,33,35,44,48,54],"killed_by":"The Heart","ascension_level":16}