{"gold_per_floor":[110,110,35,61,61,101,26,62,89,89,109,146,146,172,172,259,259,271,271,271,285,325,355,255,266,266,266,141,156,6,45,45,132,132,150,172,228,243,243,243,282,51,51,86,86,112,126,126,126,126,126,126,17,51,51],"floor_reached":56,"playtime":1848,"items_purged":["Defend_B","Strike_B","Strike_B","Strike_B"],"score":2360,"play_id":"187a59a6-6b9d-4718-bd4e-cada02f59448","local_time":"20240501233138","is_ascension_mode":true,"campfire_choices":[{"data":"Lockon","floor":10.0,"key":"SMITH"},{"data":"Biased Cognition","floor":15.0,"key":"SMITH"},{"data":"Fission","floor":27.0,"key":"SMITH"},{"floor":32.0,"key":"RECALL"},{"data":"Coolheaded","floor":40.0,"key":"SMITH"},{"data":"Biased Cognition","floor":49.0,"key":"SMITH"},{"data":"Heatsinks","floor":52.0,"key":"SMITH"}],"neow_cost":"NONE","seed_source_timestamp":5786785830900,"circlet_count":0,"master_deck":["AscendersBane","Defend_B+1","Zap","Dualcast","Lockon+1","Core Surge","Glacier","Biased Cognition+1","Ball Lightning+1","Fission+1","Go for the Eyes+1","Static Discharge+1","Machine Learning","Coolheaded+1","Compile Driver+1","Heatsinks+1","Seek","Biased Cognition+1","Turbo","Capacitor","Capacitor"],"special_seed":0,"relics":["Cracked Core","NeowsBlessing","CeramicFish","Anchor","Bag of Marbles","Nunchaku","Black Star","Red Mask","Omamori","Gremlin Horn","Cables","Question Card","Mummified Hand","Nuclear Battery","Thread and Needle","Meat on the Bone","Toy Ornithopter","OrangePellets","Whetstone","Ancient Tea Set","Boot","Bottled Tornado","Bottled Flame"],"potions_floor_usage":[55],"damage_taken":[{"damage":0.0,"enemies":"Jaw Worm","floor":1.0,"turns":1.0},{"damage":0.0,"enemies":"3 Sentries","floor":6.0,"turns":1.0},{"damage":0.0,"enemies":"Gremlin Nob","floor":8.0,"turns":1.0},{"damage":0.0,"enemies":"2 Louse","floor":11.0,"turns":2.0},{"damage":21.0,"enemies":"Lagavulin","floor":12.0,"turns":6.0},{"damage":0.0,"enemies":"Small Slimes","floor":14.0,"turns":3.0},{"damage":4.0,"enemies":"Hexaghost","floor":16.0,"turns":6.0},{"damage":2.0,"enemies":"2 Thieves","floor":18.0,"turns":4.0},{"damage":1.0,"enemies":"Shell Parasite","floor":21.0,"turns":4.0},{"damage":2.0,"enemies":"Masked Bandits","floor":22.0,"turns":5.0},{"damage":5.0,"enemies":"Gremlin Leader","floor":23.0,"turns":6.0},{"damage":0.0,"enemies":"Centurion and Healer","floor":25.0,"turns":5.0},{"damage":5.0,"enemies":"Snecko","floor":29.0,"turns":4.0},{"damage":0.0,"enemies":"Book of Stabbing","floor":31.0,"turns":3.0},{"damage":29.0,"enemies":"Collector","floor":33.0,"turns":5.0},{"damage":0.0,"enemies":"Orb Walker","floor":35.0,"turns":4.0},{"damage":4.0,"enemies":"3 Shapes","floor":36.0,"turns":3.0},{"damage":3.0,"enemies":"2 Orb Walkers","floor":37.0,"turns":4.0},{"damage":0.0,"enemies":"Spire Growth","floor":38.0,"turns":4.0},{"damage":0.0,"enemies":"Reptomancer","floor":41.0,"turns":6.0},{"damage":33.0,"enemies":"Giant Head","floor":44.0,"turns":8.0},{"damage":0.0,"enemies":"Transient","floor":46.0,"turns":6.0},{"damage":0.0,"enemies":"Sphere and 2 Shapes","floor":47.0,"turns":3.0},{"damage":2.0,"enemies":"Awakened One","floor":50.0,"turns":10.0},{"damage":0.0,"enemies":"Shield and Spear","floor":54.0,"turns":3.0},{"damage":9,"enemies":"The Heart","floor":55,"turns":7}],"seed_played":"-6794821428400236938","potions_obtained":[{"floor":6.0,"key":"Swift Potion"},{"floor":11.0,"key":"Block Potion"},{"floor":22.0,"key":"PowerPotion"},{"floor":25.0,"key":"Swift Potion"},{"floor":29.0,"key":"SmokeBomb"},{"floor":35.0,"key":"Explosive Potion"},{"floor":36.0,"key":"Weak Potion"},{"floor":41.0,"key":"Weak Potion"},{"floor":47.0,"key":"Strength Potion"}],"is_trial":false,"path_per_floor":["M","?","?","T","?","E","$","E","T","R","M","E","?","M","R","B",null,"M","?","?","M","?","E","$","M","T","R","$","M","$","E","R","B",null,"M","M","?","M","?","R","E","$","T","E","?","M","M","?","R","B",null,"R","$","E","B",null],"character_chosen":"DEFECT","basemod:card_modifiers":[null,null,null,null,null,null,null,null,null,null,null,null,null,null,null,null,null,null,null,null,null],"items_purchased":["OrangePellets","Seek","Capacitor","PotionOfCapacity"],"campfire_rested":0,"item_purchase_floors":[42,42,53,53],"current_hp_per_floor":[64,64,64,64,43,43,43,43,43,43,43,22,22,22,22,18,58,56,56,56,55,53,48,48,48,48,48,48,43,43,43,43,14,57,57,53,50,50,50,50,50,50,50,34,34,34,34,34,34,44,61,61,61,61,57],"gold":51,"neow_bonus":"THREE_ENEMY_KILL","is_prod":false,"is_daily":false,"chose_seed":false,"campfire_upgraded":6,"win_rate":0,"timestamp":1714573898,"path_taken":["M","?","?","?","?","E","?","E","T","R","M","E","?","M","R","BOSS","M","?","?","M","?","E","$","M","T","R","$","M","$","E","R","BOSS","M","M","?","M","?","R","E","$","T","E","?","?","M","?","R","BOSS","R","$","E","BOSS"],"build_version":"2022-12-18","purchased_purges":4,"victory":true,"max_hp_per_floor":[71,71,71,71,71,71,71,71,71,71,71,71,71,71,71,71,71,71,71,71,71,71,71,71,71,71,71,71,71,71,71,71,71,71,71,71,71,71,67,67,67,67,67,67,67,67,67,67,67,67,67,67,67,67,67],"relic_stats":{"Gremlin Horn":[18,18],"counters":[26,114],"CeramicFish":153,"Omamori":0,"Whetstone":["Compile Driver","Ball Lightning"],"Bottled Tornado":"Heatsinks","Question Card":11,"Ancient Tea Set":[4],"Boot":[16],"Cables":[57,28,27,0,2],"OrangePellets":[9],"Nunchaku":[24],"Bottled Flame":"Compile Driver","Mummified Hand":[53],"Black Star":5,"obtain_stats":[{"NeowsBlessing":0,"Gremlin Horn":23,"CeramicFish":4,"Thread and Needle":37,"Omamori":23,"Whetstone":43,"Bottled Tornado":54,"Question Card":31,"Ancient Tea Set":44,"Boot":44,"Cables":26,"Nuclear Battery":34,"OrangePellets":42,"Anchor":6,"Nunchaku":12,"Bottled Flame":54,"Mummified Hand":31,"Bag of Marbles":8,"Black Star":17,"Red Mask":22,"Cracked Core":0,"Toy Ornithopter":41,"Meat on the Bone":41},{"NeowsBlessing":0,"Gremlin Horn":11,"CeramicFish":1,"Thread and Needle":18,"Omamori":11,"Whetstone":20,"Bottled Tornado":25,"Question Card":14,"Ancient Tea Set":21,"Boot":21,"Cables":12,"Nuclear Battery":15,"OrangePellets":20,"Anchor":2,"Nunchaku":5,"Bottled Flame":25,"Mummified Hand":14,"Bag of Marbles":3,"Black Star":7,"Red Mask":10,"Cracked Core":0,"Toy Ornithopter":20,"Meat on the Bone":20},{"NeowsBlessing":0,"Gremlin Horn":39,"CeramicFish":1,"Thread and Needle":67,"Omamori":39,"Whetstone":77,"Bottled Tornado":107,"Question Card":51,"Ancient Tea Set":85,"Boot":85,"Cables":44,"Nuclear Battery":56,"OrangePellets":77,"Anchor":2,"Nunchaku":11,"Bottled Flame":107,"Mummified Hand":51,"Bag of Marbles":3,"Black Star":20,"Red Mask":33,"Cracked Core":0,"Toy Ornithopter":77,"Meat on the Bone":77}],"Toy Ornithopter":10,"Meat on the Bone":24},"card_choices":[{"not_picked":["Coolheaded","Go for the Eyes"],"picked":"Barrage","floor":1.0},{"not_picked":["Rebound","Redo"],"picked":"Lockon","floor":6.0},{"not_picked":["Skim","Reinforced Body"],"picked":"Core Surge","floor":8.0},{"not_picked":["Redo","Cold Snap"],"picked":"Glacier","floor":11.0},{"not_picked":["Barrage","Steam"],"picked":"Biased Cognition","floor":12.0},{"not_picked":["Force Field","Melter"],"picked":"Ball Lightning","floor":14.0},{"not_picked":["Biased Cognition","All For One"],"picked":"Fission","floor":16.0},{"not_picked":["Beam Cell+1","Auto Shields","Storm"],"picked":"SKIP","floor":18.0},{"not_picked":["Rip and Tear","Ball Lightning","Chill"],"picked":"SKIP","floor":21.0},{"not_picked":["Redo","Sweeping Beam+1"],"picked":"Go for the Eyes+1","floor":22.0},{"not_picked":["Steam","Consume","Gash"],"picked":"SKIP","floor":23.0},{"not_picked":["Steam","Barrage","Recycle"],"picked":"SKIP","floor":25.0},{"not_picked":["Beam Cell","Steam","Force Field"],"picked":"SKIP","floor":29.0},{"not_picked":["Turbo","Conserve Battery"],"picked":"Static Discharge+1","floor":31.0},{"not_picked":["Thunder Strike","Fission","Amplify"],"picked":"Machine Learning","floor":33.0},{"not_picked":["Go for the Eyes+1","Fusion","Conserve Battery","Redo"],"picked":"SKIP","floor":35.0},{"not_picked":["Rainbow","Undo","Lockon+1"],"picked":"Coolheaded","floor":36.0},{"not_picked":["Conserve Battery","Storm","Rebound+1"],"picked":"Compile Driver","floor":37.0},{"not_picked":["Gash+1","Melter","Barrage+1","Sunder+1"],"picked":"SKIP","floor":38.0},{"not_picked":["Barrage","Sunder+1","Go for the Eyes+1"],"picked":"Heatsinks","floor":41.0},{"not_picked":["Conserve Battery+1","Consume","Go for the Eyes"],"picked":"Biased Cognition","floor":44.0},{"not_picked":["Leap","Go for the Eyes","Steam+1"],"picked":"Turbo","floor":46.0},{"not_picked":["Barrage","Genetic Algorithm+1","Tempest+1","FTL"],"picked":"SKIP","floor":47.0},{"not_picked":["Ball Lightning+1","Buffer","Redo"],"picked":"Capacitor","floor":54.0}],"player_experience":676057,"relics_obtained":[{"floor":4.0,"key":"CeramicFish"},{"floor":6.0,"key":"Anchor"},{"floor":8.0,"key":"Bag of Marbles"},{"floor":12.0,"key":"Nunchaku"},{"floor":22.0,"key":"Red Mask"},{"floor":23.0,"key":"Omamori"},{"floor":23.0,"key":"Gremlin Horn"},{"floor":26.0,"key":"Cables"},{"floor":31.0,"key":"Question Card"},{"floor":31.0,"key":"Mummified Hand"},{"floor":37.0,"key":"Thread and Needle"},{"floor":41.0,"key":"Meat on the Bone"},{"floor":41.0,"key":"Toy Ornithopter"},{"floor":43.0,"key":"Whetstone"},{"floor":44.0,"key":"Ancient Tea Set"},{"floor":44.0,"key":"Boot"},{"floor":54.0,"key":"Bottled Tornado"},{"floor":54.0,"key":"Bottled Flame"}],"event_choices":[{"cards_removed":["Defend_B"],"damage_healed":0.0,"max_hp_gain":0.0,"max_hp_loss":0.0,"gold_gain":0.0,"event_name":"Living Wall","player_choice":"Forget","floor":2.0,"gold_loss":0.0,"damage_taken":0.0},{"cards_removed":["Strike_B"],"damage_healed":0.0,"max_hp_gain":0.0,"max_hp_loss":0.0,"gold_gain":0.0,"event_name":"The Cleric","player_choice":"Card Removal","floor":3.0,"gold_loss":75.0,"damage_taken":0.0},{"damage_healed":0.0,"max_hp_gain":0.0,"max_hp_loss":0.0,"gold_gain":0.0,"event_name":"Shining Light","player_choice":"Entered Light","floor":5.0,"gold_loss":0.0,"damage_taken":21.0,"cards_upgraded":["Defend_B","Barrage"]},{"damage_healed":0.0,"max_hp_gain":0.0,"max_hp_loss":0.0,"gold_gain":0.0,"event_name":"Liars Game","player_choice":"Ignored","floor":13.0,"gold_loss":0.0,"damage_taken":0.0},{"damage_healed":0.0,"max_hp_gain":0.0,"max_hp_loss":0.0,"gold_gain":0.0,"event_name":"Ghosts","player_choice":"Ignored","floor":19.0,"gold_loss":0.0,"damage_taken":0.0},{"cards_removed":["Defend_B"],"damage_healed":0.0,"max_hp_gain":0.0,"max_hp_loss":0.0,"gold_gain":0.0,"event_name":"Back to Basics","player_choice":"Elegance","floor":20.0,"gold_loss":0.0,"damage_taken":0.0},{"damage_healed":0.0,"max_hp_gain":0.0,"max_hp_loss":0.0,"gold_gain":0.0,"event_name":"Masked Bandits","player_choice":"Fought Bandits","floor":22.0,"gold_loss":0.0,"damage_taken":0.0},{"damage_healed":0.0,"max_hp_gain":0.0,"max_hp_loss":0.0,"gold_gain":0.0,"event_name":"Mysterious Sphere","player_choice":"Fight","floor":37.0,"gold_loss":0.0,"damage_taken":0.0},{"damage_healed":0.0,"max_hp_gain":0.0,"max_hp_loss":4.0,"gold_gain":0.0,"event_name":"Winding Halls","player_choice":"Max HP","floor":39.0,"gold_loss":0.0,"damage_taken":0.0},{"cards_removed":["Barrage"],"damage_healed":0.0,"max_hp_gain":0.0,"max_hp_loss":0.0,"gold_gain":0.0,"event_name":"Falling","player_choice":"Removed Attack","floor":45.0,"gold_loss":0.0,"damage_taken":0.0},{"damage_healed":0.0,"max_hp_gain":0.0,"max_hp_loss":0.0,"gold_gain":0.0,"event_name":"SensoryStone","player_choice":"Memory 1","floor":48.0,"gold_loss":0.0,"damage_taken":0.0}],"is_beta":false,"boss_relics":[{"not_picked":["Cursed Key","SlaversCollar"],"picked":"Black Star"},{"not_picked":["Pandora\u0027s Box","Tiny House"],"picked":"Nuclear Battery"}],"items_purged_floors":[7,24,28,30],"is_endless":false,"potions_floor_spawned":[6,11,14,18,22,25,29,35,36,41,47],"ascension_level":18}