{"gold_per_floor":[118,65,65,83,99,133,133,158,158,158,182,182,15,47,47,135,207,227,254,55,67,67,104,116,170,182,194,221,233],"floor_reached":29,"playtime":683,"items_purged":["Darkness"],"score":646,"play_id":"2a7cb41f-aeee-4e52-b6a3-b580d4d6f940","local_time":"20240502202157","is_ascension_mode":true,"campfire_choices":[{"data":"Beam Cell","floor":10.0,"key":"SMITH"},{"data":"Barrage","floor":12.0,"key":"SMITH"},{"data":"Dualcast","floor":15.0,"key":"SMITH"},{"data":"Capacitor","floor":24,"key":"SMITH"}],"neow_cost":"PERCENT_DAMAGE","seed_source_timestamp":30590874581600,"circlet_count":0,"master_deck":["AscendersBane","Zap","Dualcast+1","Violence","Hello World","Ball Lightning","Conserve Battery","Ball Lightning","Beam Cell+1","Barrage+1","Electrodynamics","Electrodynamics","Creative AI","Sweeping Beam","Scrape","Reinforced Body","Conserve Battery","Meteor Strike","Turbo+1","Cold Snap","Capacitor+1","Coolheaded+1"],"special_seed":0,"relics":["Cracked Core","CeramicFish","Runic Capacitor","Bird Faced Urn","Pandora\u0027s Box","Membership Card","MawBank","Lantern","MealTicket"],"potions_floor_usage":[25,28],"damage_taken":[{"damage":4.0,"enemies":"Jaw Worm","floor":1.0,"turns":3.0},{"damage":1.0,"enemies":"Cultist","floor":4.0,"turns":3.0},{"damage":3.0,"enemies":"2 Louse","floor":5.0,"turns":2.0},{"damage":10.0,"enemies":"3 Sentries","floor":6.0,"turns":5.0},{"damage":0.0,"enemies":"Large Slime","floor":8.0,"turns":4.0},{"damage":17.0,"enemies":"Exordium Thugs","floor":11.0,"turns":4.0},{"damage":13.0,"enemies":"Lagavulin","floor":14.0,"turns":5.0},{"damage":0.0,"enemies":"Slime Boss","floor":16.0,"turns":6.0},{"damage":6.0,"enemies":"3 Byrds","floor":18.0,"turns":2.0},{"damage":15.0,"enemies":"2 Thieves","floor":19.0,"turns":3.0},{"damage":16.0,"enemies":"Snecko","floor":21.0,"turns":4.0},{"damage":21,"enemies":"Gremlin Leader","floor":23,"turns":5},{"damage":43,"enemies":"Slavers","floor":25,"turns":4},{"damage":11,"enemies":"3 Cultists","floor":28,"turns":4},{"damage":15,"enemies":"Snake Plant","floor":29,"turns":1}],"seed_played":"1197905127763857263","potions_obtained":[{"floor":1.0,"key":"EssenceOfDarkness"},{"floor":5.0,"key":"ColorlessPotion"},{"floor":8.0,"key":"FairyPotion"},{"floor":27,"key":"CultistPotion"},{"floor":27,"key":"LiquidMemories"}],"is_trial":false,"path_per_floor":["M","$","?","M","M","E","?","M","T","R","M","R","$","E","R","B",null,"M","M","$","M","?","E","R","E","T","?","M","M"],"character_chosen":"DEFECT","basemod:card_modifiers":[null,null,null,null,null,null,null,null,null,null,null,null,null,null,null,null,null,null,null,null,null,null],"items_purchased":["Ball Lightning","Runic Capacitor","Membership Card"],"campfire_rested":0,"item_purchase_floors":[2,13,20],"current_hp_per_floor":[42,42,65,64,61,51,51,51,51,51,34,34,34,21,21,23,59,55,44,44,36,36,23,23,11,11,11,8,0],"gold":233,"neow_bonus":"RANDOM_COLORLESS_2","is_prod":false,"is_daily":false,"chose_seed":false,"campfire_upgraded":4,"win_rate":0,"timestamp":1714648917,"path_taken":["M","$","?","M","M","E","?","M","T","R","M","R","?","E","R","BOSS","M","?","$","M","?","E","R","E","T","?","?","M"],"build_version":"2022-12-18","purchased_purges":1,"victory":false,"max_hp_per_floor":[71,71,71,71,71,71,71,71,71,71,71,71,71,71,71,71,71,71,71,71,71,71,71,71,71,71,71,71,71],"relic_stats":{"counters":[15,55],"CeramicFish":144,"Bird Faced Urn":[38],"Pandora\u0027s Box":["Electrodynamics","Creative AI","Sweeping Beam","Scrape","Reinforced Body","Conserve Battery","Meteor Strike","Darkness"],"MealTicket":0,"Membership Card":37,"MawBank":72,"obtain_stats":[{"Lantern":25,"CeramicFish":6,"Bird Faced Urn":14,"Pandora\u0027s Box":17,"MealTicket":26,"Runic Capacitor":13,"Membership Card":20,"Cracked Core":0,"MawBank":23},{"Lantern":13,"CeramicFish":4,"Bird Faced Urn":7,"Pandora\u0027s Box":8,"MealTicket":13,"Runic Capacitor":6,"Membership Card":10,"Cracked Core":0,"MawBank":12},{"Lantern":50,"CeramicFish":13,"Bird Faced Urn":26,"Pandora\u0027s Box":32,"MealTicket":50,"Runic Capacitor":21,"Membership Card":37,"Cracked Core":0,"MawBank":46}]},"card_choices":[{"not_picked":["Master of Strategy","Metamorphosis"],"picked":"Violence","floor":0.0},{"not_picked":["Stack","Redo"],"picked":"Hello World","floor":1.0},{"not_picked":["Fusion","Chaos","Redo"],"picked":"SKIP","floor":4.0},{"not_picked":["Auto Shields","Chill"],"picked":"Conserve Battery","floor":5.0},{"not_picked":["Reprogram","Redo"],"picked":"Ball Lightning","floor":6.0},{"not_picked":["Skim","Rebound"],"picked":"Beam Cell","floor":8.0},{"not_picked":["Sweeping Beam","Conserve Battery"],"picked":"Barrage","floor":11.0},{"not_picked":["Loop","Force Field","Barrage"],"picked":"SKIP","floor":14.0},{"not_picked":["Rainbow","Echo Form"],"picked":"Electrodynamics","floor":16.0},{"not_picked":["Compile Driver","Rip and Tear"],"picked":"Turbo+1","floor":18.0},{"not_picked":["Chill","Ball Lightning"],"picked":"Cold Snap","floor":19.0},{"not_picked":["Sweeping Beam","Streamline","Fusion"],"picked":"SKIP","floor":21.0},{"not_picked":["Ball Lightning+1","Sweeping Beam"],"picked":"Capacitor","floor":23},{"not_picked":["Steam","Creative AI"],"picked":"Coolheaded+1","floor":25},{"not_picked":["Leap","Ball Lightning","Darkness"],"picked":"SKIP","floor":28}],"player_experience":680777,"relics_obtained":[{"floor":6.0,"key":"CeramicFish"},{"floor":14.0,"key":"Bird Faced Urn"},{"floor":23,"key":"MawBank"},{"floor":25,"key":"Lantern"},{"floor":26,"key":"MealTicket"}],"event_choices":[{"damage_healed":23.0,"max_hp_gain":0.0,"max_hp_loss":0.0,"gold_gain":0.0,"event_name":"Big Fish","player_choice":"Banana","floor":3.0,"gold_loss":0.0,"damage_taken":0.0},{"damage_healed":0.0,"max_hp_gain":0.0,"max_hp_loss":0.0,"gold_gain":0.0,"event_name":"Liars Game","player_choice":"Ignored","floor":7.0,"gold_loss":0.0,"damage_taken":0.0},{"damage_healed":0,"gold_gain":0,"player_choice":"Ignored","damage_taken":0,"max_hp_gain":0,"max_hp_loss":0,"event_name":"Cursed Tome","floor":22,"gold_loss":0},{"damage_healed":0,"gold_gain":0,"player_choice":"Got Potions","damage_taken":0,"max_hp_gain":0,"max_hp_loss":0,"event_name":"Lab","floor":27,"gold_loss":0}],"is_beta":false,"boss_relics":[{"not_picked":["Calling Bell","Velvet Choker"],"picked":"Pandora\u0027s Box"}],"items_purged_floors":[20],"is_endless":false,"potions_floor_spawned":[1,5,8,11,19,23],"killed_by":"Snake Plant","ascension_level":20}