{"gold_per_floor":[114,133,21,96,96,130,130,130,154,179,179,204,9,40,40,114,114,129,129,129,129],"floor_reached":21,"playtime":459,"items_purged":["Defend_B","Decay"],"score":452,"play_id":"ac1a0261-e0b1-42ef-8b98-4cb7804747c6","local_time":"20240502201003","is_ascension_mode":true,"campfire_choices":[{"data":"Redo","floor":7.0,"key":"SMITH"},{"floor":11.0,"key":"REST"},{"data":"Dualcast","floor":15.0,"key":"SMITH"}],"neow_cost":"NONE","seed_source_timestamp":29977678738100,"circlet_count":0,"master_deck":["AscendersBane","Strike_B","Strike_B","Strike_B","Strike_B+1","Defend_B","Defend_B","Defend_B","Zap","Dualcast+1","Sweeping Beam","Doom and Gloom+1","Redo+1","Compile Driver","Capacitor","Loop","Storm","Core Surge","Compile Driver"],"special_seed":0,"relics":["Cracked Core","NeowsBlessing","Juzu Bracelet","MealTicket","Kunai","Oddly Smooth Stone","Whetstone","Runic Pyramid"],"potions_floor_usage":[16,21],"damage_taken":[{"damage":0.0,"enemies":"Cultist","floor":1.0,"turns":1.0},{"damage":0.0,"enemies":"2 Louse","floor":2.0,"turns":1.0},{"damage":0.0,"enemies":"Gremlin Nob","floor":6.0,"turns":1.0},{"damage":29.0,"enemies":"Lagavulin","floor":10.0,"turns":5.0},{"damage":13.0,"enemies":"Gremlin Nob","floor":12.0,"turns":3.0},{"damage":18.0,"enemies":"3 Sentries","floor":14.0,"turns":4.0},{"damage":26,"enemies":"Hexaghost","floor":16,"turns":7},{"damage":33,"enemies":"2 Thieves","floor":18,"turns":4},{"damage":17,"enemies":"3 Byrds","floor":21,"turns":3}],"seed_played":"-4999626341741768108","potions_obtained":[{"floor":1.0,"key":"Ancient Potion"},{"floor":12.0,"key":"AttackPotion"},{"floor":16,"key":"Energy Potion"},{"floor":18,"key":"BlessingOfTheForge"}],"is_trial":false,"path_per_floor":["M","M","$","?","?","E","R","?","T","E","R","E","$","E","R","B",null,"M","?","?","M"],"character_chosen":"DEFECT","basemod:card_modifiers":[null,null,null,null,null,null,null,null,null,null,null,null,null,null,null,null,null,null,null],"items_purchased":["Doom and Gloom","Loop","Block Potion"],"campfire_rested":1,"item_purchase_floors":[3,13,13],"current_hp_per_floor":[64,64,64,53,53,53,53,53,53,24,45,32,47,29,29,3,54,21,21,21,4],"gold":129,"neow_bonus":"THREE_ENEMY_KILL","is_prod":false,"is_daily":false,"chose_seed":false,"campfire_upgraded":2,"win_rate":0,"timestamp":1714648203,"path_taken":["M","M","$","?","?","E","R","?","T","E","R","E","$","E","R","BOSS","M","?","?","M"],"build_version":"2022-12-18","purchased_purges":2,"victory":false,"max_hp_per_floor":[71,71,71,71,71,71,71,71,71,71,71,71,71,71,71,71,71,71,71,71,71],"relic_stats":{"counters":[9,29],"MealTicket":15,"Juzu Bracelet":2,"Kunai":[3],"Whetstone":["Strike_B","Doom and Gloom"],"obtain_stats":[{"NeowsBlessing":0,"Oddly Smooth Stone":12,"MealTicket":9,"Juzu Bracelet":6,"Kunai":10,"Whetstone":14,"Cracked Core":0,"Runic Pyramid":17},{"NeowsBlessing":0,"Oddly Smooth Stone":5,"MealTicket":3,"Juzu Bracelet":3,"Kunai":4,"Whetstone":6,"Cracked Core":0,"Runic Pyramid":7},{"NeowsBlessing":0,"Oddly Smooth Stone":11,"MealTicket":3,"Juzu Bracelet":3,"Kunai":8,"Whetstone":15,"Cracked Core":0,"Runic Pyramid":22}]},"card_choices":[{"not_picked":["Reinforced Body","Stack"],"picked":"Sweeping Beam","floor":1.0},{"not_picked":["Stack","Aggregate","Go for the Eyes"],"picked":"SKIP","floor":2.0},{"not_picked":["Leap","Coolheaded"],"picked":"Redo","floor":6.0},{"not_picked":["Barrage","Tempest"],"picked":"Compile Driver","floor":10.0},{"not_picked":["Barrage","Sweeping Beam"],"picked":"Capacitor","floor":12.0},{"not_picked":["Melter","Undo"],"picked":"Storm","floor":14.0},{"not_picked":["Thunder Strike","Amplify"],"picked":"Core Surge","floor":16},{"not_picked":["Heatsinks","Tempest","Rebound"],"picked":"SKIP","floor":18}],"player_experience":680318,"relics_obtained":[{"floor":6.0,"key":"Juzu Bracelet"},{"floor":9.0,"key":"MealTicket"},{"floor":10.0,"key":"Kunai"},{"floor":12.0,"key":"Oddly Smooth Stone"},{"floor":14.0,"key":"Whetstone"}],"event_choices":[{"damage_healed":0.0,"max_hp_gain":0.0,"max_hp_loss":0.0,"gold_gain":75.0,"event_name":"World of Goop","player_choice":"Gather Gold","floor":4.0,"gold_loss":0.0,"damage_taken":11.0},{"damage_healed":0.0,"max_hp_gain":0.0,"max_hp_loss":0.0,"gold_gain":0.0,"event_name":"Wheel of Change","player_choice":"Cursed","floor":5.0,"gold_loss":0.0,"damage_taken":0.0,"cards_obtained":["Decay"]},{"damage_healed":0.0,"max_hp_gain":0.0,"max_hp_loss":0.0,"gold_gain":0.0,"event_name":"Liars Game","player_choice":"Ignored","floor":8.0,"gold_loss":0.0,"damage_taken":0.0},{"damage_healed":0,"gold_gain":0,"player_choice":"Copied","damage_taken":0,"max_hp_gain":0,"max_hp_loss":0,"event_name":"Duplicator","floor":19,"gold_loss":0,"cards_obtained":["Compile Driver"]},{"damage_healed":0,"gold_gain":0,"player_choice":"Ignored","damage_taken":0,"max_hp_gain":0,"max_hp_loss":0,"event_name":"Vampires","floor":20,"gold_loss":0}],"is_beta":false,"boss_relics":[{"not_picked":["Black Star","Philosopher\u0027s Stone"],"picked":"Runic Pyramid"}],"items_purged_floors":[3,13],"is_endless":false,"potions_floor_spawned":[1,12,16,18],"killed_by":"3 Byrds","ascension_level":20}