{"gold_per_floor":[112,126,136,136,136,136,164,164,191,205,237,106,119,119,119,191,191,209,244,260,274,274,302,302,335,335,345,364,382,416,138,138,210,210,229,248,298,323,340,374,374,402,448,474,492,262,262,23,23,23,23,23,23,54,54],"floor_reached":55,"playtime":2413,"items_purged":["Defend_B","Strike_B","Defend_B"],"score":1829,"play_id":"64ada125-642a-46ff-ab2d-3972697dd6b4","local_time":"20240502192428","is_ascension_mode":true,"campfire_choices":[{"floor":6.0,"key":"REST"},{"floor":8.0,"key":"REST"},{"data":"Dualcast","floor":15.0,"key":"SMITH"},{"floor":24.0,"key":"REST"},{"data":"Defragment","floor":32.0,"key":"SMITH"},{"floor":41.0,"key":"RECALL"},{"floor":49.0,"key":"DIG"},{"floor":52.0,"key":"DIG"}],"neow_cost":"NONE","seed_source_timestamp":24502446896700,"circlet_count":0,"master_deck":["AscendersBane","Strike_B","Strike_B","Defend_B","Defend_B","Zap","Dualcast+1","Darkness","Barrage","Streamline","Ball Lightning","Undo","Compile Driver","Hello World","Meteor Strike","Coolheaded","Meteor Strike","Coolheaded","Buffer","Stack","Aggregate","Turbo+1","Glacier","Defragment+1","Seek","Defragment+1","Heatsinks+1","Self Repair","Coolheaded+1","Skim","Hologram","Creative AI","Capacitor","Go for the Eyes+1","Capacitor","Dark Shackles","Skim"],"special_seed":0,"relics":["Nuclear Battery","Toy Ornithopter","StrikeDummy","Bag of Preparation","DataDisk","HornCleat","Runic Pyramid","Red Mask","Meat on the Bone","Akabeko","Vajra","Bronze Scales","Coffee Dripper","Prayer Wheel","Thread and Needle","Shovel","Smiling Mask","Question Card","Membership Card","Boot","Kunai","Bottled Tornado"],"potions_floor_usage":[55,55],"damage_taken":[{"damage":4.0,"enemies":"2 Louse","floor":1.0,"turns":3.0},{"damage":12.0,"enemies":"Small Slimes","floor":2.0,"turns":4.0},{"damage":9.0,"enemies":"Jaw Worm","floor":3.0,"turns":4.0},{"damage":38.0,"enemies":"3 Sentries","floor":7.0,"turns":10.0},{"damage":6.0,"enemies":"Looter","floor":10.0,"turns":3.0},{"damage":23.0,"enemies":"Gremlin Nob","floor":11.0,"turns":4.0},{"damage":0.0,"enemies":"Gremlin Gang","floor":13.0,"turns":5.0},{"damage":13.0,"enemies":"Slime Boss","floor":16.0,"turns":7.0},{"damage":3.0,"enemies":"Shell Parasite","floor":18.0,"turns":3.0},{"damage":24.0,"enemies":"Masked Bandits","floor":19.0,"turns":4.0},{"damage":0.0,"enemies":"Spheric Guardian","floor":20.0,"turns":3.0},{"damage":11.0,"enemies":"Snake Plant","floor":21.0,"turns":4.0},{"damage":12.0,"enemies":"Book of Stabbing","floor":23.0,"turns":4.0},{"damage":24.0,"enemies":"Slavers","floor":25.0,"turns":5.0},{"damage":0.0,"enemies":"Shelled Parasite and Fungi","floor":27.0,"turns":4.0},{"damage":9.0,"enemies":"Centurion and Healer","floor":28.0,"turns":6.0},{"damage":0.0,"enemies":"Snecko","floor":29.0,"turns":2.0},{"damage":0.0,"enemies":"Gremlin Leader","floor":30.0,"turns":5.0},{"damage":6.0,"enemies":"Automaton","floor":33.0,"turns":11.0},{"damage":5.0,"enemies":"3 Shapes","floor":35.0,"turns":3.0},{"damage":15.0,"enemies":"3 Darklings","floor":36.0,"turns":3.0},{"damage":0.0,"enemies":"2 Orb Walkers","floor":37.0,"turns":4.0},{"damage":0.0,"enemies":"Mind Bloom Boss Battle","floor":38.0,"turns":3.0},{"damage":0.0,"enemies":"Sphere and 2 Shapes","floor":39.0,"turns":12.0},{"damage":32.0,"enemies":"Giant Head","floor":40.0,"turns":8.0},{"damage":0.0,"enemies":"Reptomancer","floor":42.0,"turns":3.0},{"damage":0.0,"enemies":"Giant Head","floor":44.0,"turns":9.0},{"damage":0.0,"enemies":"Writhing Mass","floor":45.0,"turns":9.0},{"damage":0.0,"enemies":"Time Eater","floor":50.0,"turns":10.0},{"damage":66.0,"enemies":"Shield and Spear","floor":54.0,"turns":8.0},{"damage":34,"enemies":"The Heart","floor":55,"turns":2}],"seed_played":"3047720892971142346","potions_obtained":[{"floor":1.0,"key":"Regen Potion"},{"floor":3.0,"key":"Block Potion"},{"floor":13.0,"key":"LiquidBronze"},{"floor":20.0,"key":"Swift Potion"},{"floor":23.0,"key":"Block Potion"},{"floor":27.0,"key":"PotionOfCapacity"},{"floor":33.0,"key":"SteroidPotion"},{"floor":37.0,"key":"PowerPotion"},{"floor":42.0,"key":"FocusPotion"},{"floor":44.0,"key":"Strength Potion"}],"is_trial":false,"path_per_floor":["M","M","M","?","?","R","E","R","T","M","E","?","M","?","R","B",null,"M","?","M","M","?","E","R","E","T","M","M","M","E","$","R","B",null,"M","M","?","?","M","E","R","E","T","E","M","$","?","$","R","B",null,"R","$","E","B"],"character_chosen":"DEFECT","basemod:card_modifiers":[null,null,null,null,null,null,null,null,null,null,null,null,null,null,null,null,null,null,null,null,null,null,null,null,null,null,null,null,null,null,null,null,null,null,null,null,null],"items_purchased":["Glacier","Defragment","DuplicationPotion","Capacitor","Dark Shackles","Membership Card","Skim"],"campfire_rested":3,"item_purchase_floors":[31,31,31,46,46,48,48],"current_hp_per_floor":[60,48,39,39,21,42,9,30,30,24,1,1,20,43,43,30,61,58,39,39,28,28,16,37,35,35,47,38,38,43,43,43,37,63,58,43,43,50,57,44,44,61,61,68,71,71,67,67,67,67,67,67,67,20,0],"gold":54,"neow_bonus":"BOSS_RELIC","is_prod":false,"is_daily":false,"chose_seed":false,"campfire_upgraded":2,"win_rate":0,"timestamp":1714645468,"path_taken":["M","M","M","?","?","R","E","R","T","?","E","?","?","?","R","BOSS","M","?","M","M","?","E","R","E","T","M","M","M","E","$","R","BOSS","M","M","?","?","M","E","R","E","T","E","M","$","?","$","R","BOSS","R","$","E","BOSS"],"build_version":"2022-12-18","purchased_purges":3,"victory":false,"max_hp_per_floor":[71,71,71,71,71,71,71,71,71,71,71,71,71,71,71,71,71,71,71,71,71,71,71,71,71,71,71,71,71,71,71,71,71,71,71,71,71,71,71,71,71,71,71,71,71,71,67,67,67,67,67,67,67,67,67],"relic_stats":{"counters":[31,165],"Bag of Preparation":[54],"Bottled Tornado":"Heatsinks","Smiling Mask":63,"Question Card":3,"Boot":[21],"Shovel":2,"Bronze Scales":[265],"Prayer Wheel":2,"Membership Card":82,"Kunai":[3],"obtain_stats":[{"Vajra":26,"Thread and Needle":38,"Bag of Preparation":9,"Bottled Tornado":54,"Smiling Mask":42,"Question Card":44,"Boot":49,"Akabeko":25,"Nuclear Battery":0,"DataDisk":11,"HornCleat":12,"Shovel":40,"Bronze Scales":30,"Prayer Wheel":37,"Red Mask":19,"Coffee Dripper":34,"Membership Card":48,"Kunai":52,"Cracked Core":0,"StrikeDummy":7,"Toy Ornithopter":5,"Runic Pyramid":17,"Meat on the Bone":23},{"Vajra":14,"Thread and Needle":23,"Bag of Preparation":4,"Bottled Tornado":30,"Smiling Mask":26,"Question Card":27,"Boot":28,"Akabeko":14,"Nuclear Battery":0,"DataDisk":6,"HornCleat":6,"Shovel":25,"Bronze Scales":18,"Prayer Wheel":22,"Red Mask":10,"Coffee Dripper":19,"Membership Card":28,"Kunai":29,"Cracked Core":0,"StrikeDummy":4,"Toy Ornithopter":3,"Runic Pyramid":8,"Meat on the Bone":13},{"Vajra":63,"Thread and Needle":104,"Bag of Preparation":21,"Bottled Tornado":163,"Smiling Mask":127,"Question Card":136,"Boot":145,"Akabeko":63,"Nuclear Battery":0,"DataDisk":28,"HornCleat":28,"Shovel":124,"Bronze Scales":80,"Prayer Wheel":101,"Red Mask":47,"Coffee Dripper":91,"Membership Card":145,"Kunai":155,"Cracked Core":0,"StrikeDummy":21,"Toy Ornithopter":11,"Runic Pyramid":40,"Meat on the Bone":58}],"Toy Ornithopter":50,"Meat on the Bone":48},"card_choices":[{"not_picked":["Beam Cell","Rip and Tear"],"picked":"Darkness","floor":1.0},{"not_picked":["Beam Cell","Aggregate"],"picked":"Barrage","floor":2.0},{"not_picked":["Tempest","Beam Cell"],"picked":"Streamline","floor":3.0},{"not_picked":["Reinforced Body","Barrage"],"picked":"Ball Lightning","floor":7.0},{"not_picked":["Beam Cell","Ball Lightning"],"picked":"Undo","floor":10.0},{"not_picked":["All For One","Hologram"],"picked":"Compile Driver","floor":11.0},{"not_picked":["Streamline","Heatsinks"],"picked":"Hello World","floor":13.0},{"not_picked":["Machine Learning","Fission"],"picked":"Meteor Strike","floor":16.0},{"not_picked":["Hello World+1","Beam Cell"],"picked":"Coolheaded","floor":18.0},{"not_picked":["Gash","Melter","Darkness"],"picked":"SKIP","floor":20.0},{"not_picked":["Redo","Rip and Tear","Steam+1"],"picked":"SKIP","floor":21.0},{"not_picked":["Hello World","Leap"],"picked":"Coolheaded","floor":23.0},{"not_picked":["Coolheaded","Doom and Gloom"],"picked":"Buffer","floor":25.0},{"not_picked":["Rebound","Cold Snap"],"picked":"Stack","floor":27.0},{"not_picked":["Auto Shields","Go for the Eyes","Rebound"],"picked":"SKIP","floor":28.0},{"not_picked":["Ball Lightning+1","Tempest"],"picked":"Aggregate","floor":29.0},{"not_picked":["Chaos","Sunder"],"picked":"Turbo+1","floor":30.0},{"not_picked":["Reboot","Thunder Strike"],"picked":"Seek","floor":33.0},{"not_picked":["Redo","Streamline"],"picked":"Defragment+1","floor":35.0},{"not_picked":["Compile Driver+1","Streamline"],"picked":"Heatsinks+1","floor":36.0},{"not_picked":["Aggregate","Ball Lightning"],"picked":"Self Repair","floor":37.0},{"not_picked":["Multi-Cast","Leap+1"],"picked":"Coolheaded+1","floor":39.0},{"not_picked":["FTL","Redo+1"],"picked":"Skim","floor":39.0},{"not_picked":["Recycle","Compile Driver"],"picked":"Hologram","floor":40.0},{"not_picked":["Coolheaded+1","Glacier"],"picked":"Creative AI","floor":42.0},{"not_picked":["Barrage","Blizzard","Gash"],"picked":"SKIP","floor":44.0},{"not_picked":["Gash","Tempest","Streamline"],"picked":"Capacitor","floor":45.0},{"not_picked":["Genetic Algorithm","Stack","Streamline"],"picked":"Go for the Eyes+1","floor":45.0},{"not_picked":["Redo+1","All For One","FTL","Cold Snap"],"picked":"SKIP","floor":54.0}],"player_experience":677905,"relics_obtained":[{"floor":7.0,"key":"StrikeDummy"},{"floor":9.0,"key":"Bag of Preparation"},{"floor":11.0,"key":"DataDisk"},{"floor":19.0,"key":"Red Mask"},{"floor":23.0,"key":"Meat on the Bone"},{"floor":25.0,"key":"Akabeko"},{"floor":26.0,"key":"Vajra"},{"floor":30.0,"key":"Bronze Scales"},{"floor":37.0,"key":"Prayer Wheel"},{"floor":38.0,"key":"Thread and Needle"},{"floor":40.0,"key":"Shovel"},{"floor":42.0,"key":"Smiling Mask"},{"floor":44.0,"key":"Question Card"},{"floor":49.0,"key":"Boot"},{"floor":52.0,"key":"Kunai"},{"floor":54.0,"key":"Bottled Tornado"}],"event_choices":[{"cards_removed":["Strike_B"],"damage_healed":0.0,"max_hp_gain":0.0,"max_hp_loss":0.0,"gold_gain":0.0,"event_name":"Living Wall","player_choice":"Forget","floor":4.0,"gold_loss":0.0,"damage_taken":0.0},{"damage_healed":0.0,"max_hp_gain":0.0,"max_hp_loss":0.0,"gold_gain":0.0,"event_name":"Scrap Ooze","player_choice":"Success","floor":5.0,"gold_loss":0.0,"damage_taken":18.0,"relics_obtained":["Toy Ornithopter"]},{"damage_healed":0.0,"max_hp_gain":0.0,"max_hp_loss":0.0,"gold_gain":0.0,"event_name":"WeMeetAgain","player_choice":"Paid Gold","floor":12.0,"gold_loss":131.0,"damage_taken":0.0,"relics_obtained":["HornCleat"]},{"damage_healed":23.0,"max_hp_gain":0.0,"max_hp_loss":0.0,"gold_gain":0.0,"event_name":"Big Fish","player_choice":"Banana","floor":14.0,"gold_loss":0.0,"damage_taken":0.0},{"damage_healed":0.0,"max_hp_gain":0.0,"max_hp_loss":0.0,"gold_gain":0.0,"event_name":"Masked Bandits","player_choice":"Fought Bandits","floor":19.0,"gold_loss":0.0,"damage_taken":0.0},{"damage_healed":0.0,"max_hp_gain":0.0,"max_hp_loss":0.0,"gold_gain":0.0,"event_name":"Duplicator","player_choice":"Copied","floor":22.0,"gold_loss":0.0,"damage_taken":0.0,"cards_obtained":["Meteor Strike"]},{"damage_healed":0.0,"max_hp_gain":0.0,"max_hp_loss":0.0,"gold_gain":0.0,"event_name":"Mysterious Sphere","player_choice":"Fight","floor":37.0,"gold_loss":0.0,"damage_taken":0.0},{"damage_healed":0.0,"max_hp_gain":0.0,"max_hp_loss":0.0,"gold_gain":0.0,"event_name":"MindBloom","player_choice":"Fight","floor":38.0,"gold_loss":0.0,"damage_taken":0.0},{"damage_healed":0.0,"max_hp_gain":0.0,"max_hp_loss":4.0,"gold_gain":0.0,"event_name":"Winding Halls","player_choice":"Max HP","floor":47.0,"gold_loss":0.0,"damage_taken":0.0}],"is_beta":false,"boss_relics":[{"not_picked":["Pandora\u0027s Box","SacredBark"],"picked":"Runic Pyramid"},{"not_picked":["Empty Cage","Sozu"],"picked":"Coffee Dripper"}],"items_purged_floors":[31,46,48],"is_endless":false,"potions_floor_spawned":[1,3,13,20,23,27,33,37,39,42,44,54],"killed_by":"The Heart","ascension_level":19}