{"gold_per_floor":[115,133,58,72,72,72,97,97,97,123,23,56,56,72,72,168,168,186,186,101,47,47,47,47,90,102,138,150,185,197,240,252,357,369,395,428,453,465,40,40,59,102,102,120,120,143,143,162,162,162,162,162,10,45,45],"floor_reached":56,"playtime":2368,"items_purged":["Defend_B","Strike_B","Defend_B"],"score":2114,"play_id":"61405764-9896-4c68-8121-0ba6572d65a5","local_time":"20240501194841","is_ascension_mode":true,"campfire_choices":[{"floor":6.0,"key":"REST"},{"floor":8.0,"key":"REST"},{"data":"Beam Cell","floor":15.0,"key":"SMITH"},{"data":"Skim","floor":23.0,"key":"SMITH"},{"floor":30.0,"key":"REST"},{"floor":32.0,"key":"REST"},{"data":"Coolheaded","floor":40.0,"key":"SMITH"},{"floor":45.0,"key":"RECALL"},{"data":"Loop","floor":47.0,"key":"SMITH"},{"data":"1","floor":49.0,"key":"LIFT"},{"data":"2","floor":52.0,"key":"LIFT"}],"neow_cost":"PERCENT_DAMAGE","seed_source_timestamp":3956715064500,"circlet_count":0,"master_deck":["AscendersBane","Zap","Dualcast","Ball Lightning","Cold Snap","Beam Cell+1","White Noise","Seek","Skim+1","Loop+1","Echo Form","Doom and Gloom","Double Energy","All For One","Echo Form","Coolheaded+1","Compile Driver+1","Glacier","Creative AI","Recycle","Meteor Strike","Defragment+1"],"special_seed":0,"relics":["Cracked Core","Regal Pillow","Cables","Juzu Bracelet","Orichalcum","Golden Idol","Snecko Eye","Singing Bowl","Kunai","MawBank","Girya","TungstenRod","Bag of Preparation","Meat on the Bone","Coffee Dripper","Spirit Poop","Centennial Puzzle","Ornamental Fan","Akabeko"],"potions_floor_usage":[55,55,55,55],"damage_taken":[{"damage":4.0,"enemies":"Jaw Worm","floor":1.0,"turns":3.0},{"damage":3.0,"enemies":"Small Slimes","floor":2.0,"turns":3.0},{"damage":8.0,"enemies":"2 Louse","floor":4.0,"turns":2.0},{"damage":27.0,"enemies":"3 Sentries","floor":7.0,"turns":8.0},{"damage":13.0,"enemies":"Lagavulin","floor":10.0,"turns":5.0},{"damage":6.0,"enemies":"Gremlin Nob","floor":12.0,"turns":3.0},{"damage":10.0,"enemies":"Looter","floor":14.0,"turns":3.0},{"damage":0.0,"enemies":"Hexaghost","floor":16.0,"turns":8.0},{"damage":15.0,"enemies":"Shell Parasite","floor":18.0,"turns":4.0},{"damage":15.0,"enemies":"Book of Stabbing","floor":25.0,"turns":4.0},{"damage":24.0,"enemies":"2 Thieves","floor":27.0,"turns":4.0},{"damage":36.0,"enemies":"Gremlin Leader","floor":31.0,"turns":7.0},{"damage":37.0,"enemies":"Collector","floor":33.0,"turns":8.0},{"damage":26.0,"enemies":"Orb Walker","floor":35.0,"turns":4.0},{"damage":31.0,"enemies":"3 Darklings","floor":36.0,"turns":4.0},{"damage":9.0,"enemies":"Spire Growth","floor":37.0,"turns":3.0},{"damage":0.0,"enemies":"Maw","floor":41.0,"turns":5.0},{"damage":14.0,"enemies":"Giant Head","floor":42.0,"turns":7.0},{"damage":3.0,"enemies":"3 Darklings","floor":44.0,"turns":5.0},{"damage":10.0,"enemies":"Sphere and 2 Shapes","floor":46.0,"turns":3.0},{"damage":1.0,"enemies":"Writhing Mass","floor":48.0,"turns":4.0},{"damage":18.0,"enemies":"Donu and Deca","floor":50.0,"turns":10.0},{"damage":7,"enemies":"Shield and Spear","floor":54,"turns":5},{"damage":34,"enemies":"The Heart","floor":55,"turns":7}],"seed_played":"-8243103311749258564","potions_obtained":[{"floor":1.0,"key":"FearPotion"},{"floor":10.0,"key":"Block Potion"},{"floor":14.0,"key":"SpeedPotion"},{"floor":16.0,"key":"Dexterity Potion"},{"floor":31.0,"key":"PowerPotion"},{"floor":37.0,"key":"Ancient Potion"},{"floor":41.0,"key":"EntropicBrew"},{"floor":54,"key":"LiquidBronze"}],"is_trial":false,"path_per_floor":["M","M","$","M","?","R","E","R","T","E","$","E","?","M","R","B",null,"M","?","?","$","?","R","?","E","T","M","?","T","R","E","R","B",null,"M","M","M","?","$","R","M","E","T","M","R","M","R","M","R","B",null,"R","$","E","B",null],"character_chosen":"DEFECT","basemod:card_modifiers":[null,null,null,null,null,null,null,null,null,null,null,null,null,null,null,null,null,null,null,null,null,null],"items_purchased":["Swift Potion","Glacier","Centennial Puzzle","Block Potion","Meteor Strike"],"campfire_rested":4,"item_purchase_floors":[21,39,39,39,53],"current_hp_per_floor":[42,39,39,31,31,52,25,61,61,48,48,42,42,32,32,32,56,41,41,41,41,41,41,41,28,28,6,6,6,41,7,43,18,57,43,24,29,29,29,29,41,39,39,50,50,42,42,43,43,37,68,68,68,61,39],"gold":45,"neow_bonus":"REMOVE_TWO","is_prod":false,"is_daily":false,"chose_seed":false,"campfire_upgraded":4,"win_rate":0,"timestamp":1714560521,"path_taken":["M","M","$","M","?","R","E","R","T","E","$","E","?","M","R","BOSS","M","?","?","$","?","R","?","E","T","M","?","?","R","E","R","BOSS","M","M","M","?","?","R","M","E","T","M","R","M","R","M","R","BOSS","R","$","E","BOSS"],"build_version":"2022-12-18","purchased_purges":3,"victory":true,"max_hp_per_floor":[71,71,71,71,71,71,71,71,71,71,71,71,64,64,64,64,64,64,64,64,64,64,64,64,66,66,68,68,68,68,70,70,70,70,70,70,72,72,72,72,72,72,72,74,74,76,76,78,78,78,78,78,78,78,78],"relic_stats":{"Girya":2,"Regal Pillow":45,"Singing Bowl":14,"counters":[24,119],"Golden Idol":143,"Juzu Bracelet":1,"Bag of Preparation":[26],"Orichalcum":[156],"MawBank":180,"Cables":[84,35,35,12,2],"Centennial Puzzle":[21],"Ornamental Fan":[104],"Snecko Eye":[191,208,211,235,-298],"Kunai":[59],"obtain_stats":[{"Girya":25,"Regal Pillow":7,"Singing Bowl":19,"Golden Idol":13,"Spirit Poop":38,"Juzu Bracelet":10,"Bag of Preparation":29,"Orichalcum":12,"MawBank":24,"Akabeko":54,"Cables":9,"Centennial Puzzle":39,"Ornamental Fan":42,"Snecko Eye":17,"Coffee Dripper":34,"Kunai":20,"Cracked Core":0,"TungstenRod":26,"Meat on the Bone":31},{"Girya":10,"Regal Pillow":4,"Singing Bowl":9,"Golden Idol":6,"Spirit Poop":16,"Juzu Bracelet":5,"Bag of Preparation":11,"Orichalcum":6,"MawBank":9,"Akabeko":23,"Cables":4,"Centennial Puzzle":16,"Ornamental Fan":18,"Snecko Eye":8,"Coffee Dripper":13,"Kunai":9,"Cracked Core":0,"TungstenRod":10,"Meat on the Bone":12},{"Girya":43,"Regal Pillow":16,"Singing Bowl":39,"Golden Idol":24,"Spirit Poop":73,"Juzu Bracelet":21,"Bag of Preparation":47,"Orichalcum":24,"MawBank":39,"Akabeko":112,"Cables":16,"Centennial Puzzle":73,"Ornamental Fan":85,"Snecko Eye":35,"Coffee Dripper":62,"Kunai":39,"Cracked Core":0,"TungstenRod":43,"Meat on the Bone":54}],"TungstenRod":60,"Meat on the Bone":108},"card_choices":[{"not_picked":["White Noise","Melter"],"picked":"Ball Lightning","floor":1.0},{"not_picked":["Redo","Go for the Eyes"],"picked":"Cold Snap","floor":2.0},{"not_picked":["Multi-Cast","Stack"],"picked":"Beam Cell","floor":4.0},{"not_picked":["Gash","Steam"],"picked":"White Noise","floor":7.0},{"not_picked":["Ball Lightning","Cold Snap"],"picked":"Seek","floor":10.0},{"not_picked":["Streamline","Doom and Gloom"],"picked":"Skim","floor":12.0},{"not_picked":["Recycle","Turbo"],"picked":"Loop","floor":14.0},{"not_picked":["Seek","Hyperbeam"],"picked":"Echo Form","floor":16.0},{"not_picked":["Beam Cell","Redo"],"picked":"Doom and Gloom","floor":18.0},{"not_picked":["Machine Learning","Barrage+1","Gash"],"picked":"Singing Bowl","floor":25.0},{"not_picked":["Rebound","Beam Cell","Barrage"],"picked":"Singing Bowl","floor":27.0},{"not_picked":["Stack+1","Leap","Go for the Eyes+1"],"picked":"Singing Bowl","floor":31.0},{"not_picked":["Rainbow","Buffer"],"picked":"Echo Form","floor":33.0},{"not_picked":["Ball Lightning","Sunder"],"picked":"Coolheaded","floor":35.0},{"not_picked":["Beam Cell","Steam+1"],"picked":"Compile Driver+1","floor":36.0},{"not_picked":["Steam","Coolheaded","Melter+1"],"picked":"Singing Bowl","floor":37.0},{"not_picked":["Coolheaded","Go for the Eyes"],"picked":"Creative AI","floor":41.0},{"not_picked":["Ball Lightning","Gash"],"picked":"Recycle","floor":42.0},{"not_picked":["Rebound","Doom and Gloom","Ball Lightning"],"picked":"Singing Bowl","floor":44.0},{"not_picked":["White Noise","Rebound+1","Aggregate"],"picked":"Singing Bowl","floor":46.0},{"not_picked":["Melter+1","Glacier+1","Cold Snap"],"picked":"Singing Bowl","floor":48.0},{"not_picked":["Beam Cell","Capacitor"],"picked":"Defragment+1","floor":54}],"player_experience":673689,"relics_obtained":[{"floor":7.0,"key":"Regal Pillow"},{"floor":9.0,"key":"Cables"},{"floor":10.0,"key":"Juzu Bracelet"},{"floor":12.0,"key":"Orichalcum"},{"floor":25.0,"key":"Girya"},{"floor":26.0,"key":"TungstenRod"},{"floor":29.0,"key":"Bag of Preparation"},{"floor":31.0,"key":"Meat on the Bone"},{"floor":42.0,"key":"Ornamental Fan"},{"floor":54,"key":"Akabeko"}],"event_choices":[{"damage_healed":0.0,"max_hp_gain":0.0,"max_hp_loss":0.0,"gold_gain":0.0,"event_name":"Liars Game","player_choice":"Ignored","floor":5.0,"gold_loss":0.0,"damage_taken":0.0},{"damage_healed":0.0,"max_hp_gain":0.0,"max_hp_loss":7.0,"gold_gain":0.0,"event_name":"Golden Idol","player_choice":"Lose Max HP","floor":13.0,"gold_loss":0.0,"damage_taken":0.0,"relics_obtained":["Golden Idol"]},{"damage_healed":0.0,"max_hp_gain":0.0,"max_hp_loss":0.0,"gold_gain":0.0,"event_name":"The Mausoleum","player_choice":"Opened","floor":19.0,"gold_loss":0.0,"damage_taken":0.0,"relics_obtained":["Singing Bowl"],"cards_obtained":["Writhe"]},{"damage_healed":0.0,"max_hp_gain":0.0,"max_hp_loss":0.0,"gold_gain":0.0,"event_name":"Addict","player_choice":"Obtained Relic","floor":20.0,"gold_loss":85.0,"damage_taken":0.0,"relics_obtained":["Kunai"]},{"damage_healed":0.0,"max_hp_gain":0.0,"max_hp_loss":0.0,"gold_gain":0.0,"cards_transformed":["Defend_B","Strike_B"],"event_name":"Drug Dealer","player_choice":"Became Test Subject","floor":22.0,"gold_loss":0.0,"damage_taken":0.0,"cards_obtained":["Double Energy","All For One"]},{"damage_healed":0.0,"max_hp_gain":0.0,"max_hp_loss":0.0,"gold_gain":0.0,"event_name":"WeMeetAgain","player_choice":"Gave Potion","floor":24.0,"gold_loss":0.0,"damage_taken":0.0,"relics_obtained":["MawBank"]},{"cards_removed":["Strike_B"],"damage_healed":0.0,"max_hp_gain":0.0,"max_hp_loss":0.0,"gold_gain":0.0,"event_name":"Back to Basics","player_choice":"Elegance","floor":28.0,"gold_loss":0.0,"damage_taken":0.0},{"cards_removed":["Writhe"],"damage_healed":0.0,"max_hp_gain":0.0,"max_hp_loss":0.0,"gold_gain":0.0,"event_name":"Bonfire Elementals","player_choice":"Offered Curse","floor":38.0,"gold_loss":0.0,"damage_taken":0.0,"relics_obtained":["Spirit Poop"]}],"is_beta":false,"boss_relics":[{"not_picked":["Calling Bell","Black Star"],"picked":"Snecko Eye"},{"not_picked":["Nuclear Battery","Busted Crown"],"picked":"Coffee Dripper"}],"items_purged_floors":[3,11,39],"is_endless":false,"potions_floor_spawned":[1,10,14,16,31,37,41,54],"ascension_level":17}