{"gold_per_floor":[117,117,130,141,141,141,43,78,78,78,92,136,136,152,152,275,275,300,88,112,127,127,127,162,162,242,342,372,372,400,400,400,496,496,510,510,288,304,320,350,350,350,350,376,390,390,410,436,436,436,436,436,55,88,88],"floor_reached":56,"playtime":2352,"items_purged":["Pain","Defend_P","Strike_P","Fasting2+1"],"score":2107,"play_id":"6b69f72f-6d29-49ff-82cf-7c9106c4e67d","local_time":"20240510215541","is_ascension_mode":true,"campfire_choices":[{"data":"Eruption","floor":6.0,"key":"SMITH"},{"data":"Meditate","floor":10.0,"key":"SMITH"},{"data":"Prostrate","floor":15.0,"key":"SMITH"},{"data":"Adaptation","floor":23.0,"key":"SMITH"},{"floor":25.0,"key":"REST"},{"data":"EmptyMind","floor":32.0,"key":"SMITH"},{"floor":46.0,"key":"RECALL"},{"data":"Scrawl","floor":49.0,"key":"SMITH"},{"floor":52,"key":"REST"}],"neow_cost":"NONE","seed_source_timestamp":0,"circlet_count":0,"master_deck":["AscendersBane","Defend_P+1","Defend_P+1","Eruption+1","Vigilance+1","Meditate+1","CutThroughFate+1","WheelKick+1","Prostrate+1","LessonLearned+1","BowlingBash+1","CarveReality+1","FearNoEvil+1","MentalFortress+1","EmptyMind+1","Adaptation+1","Scrawl+1","Vault+1","Establishment+1","Tantrum+1"],"special_seed":0,"relics":["PureWater","NeowsBlessing","WarpedTongs","Bloody Idol","Mango","Meat on the Bone","Astrolabe","StrikeDummy","The Courier","Du-Vu Doll","Sundial","Bag of Preparation","Ornamental Fan","Lizard Tail","VioletLotus","Damaru","Toy Ornithopter","CaptainsWheel","Blue Candle","Omamori","Thread and Needle","Pantograph","Ginger"],"potions_floor_usage":[55,55],"damage_taken":[{"damage":0.0,"enemies":"2 Louse","floor":1.0,"turns":1.0},{"damage":0.0,"enemies":"Cultist","floor":3.0,"turns":1.0},{"damage":2.0,"enemies":"Small Slimes","floor":4.0,"turns":1.0},{"damage":0.0,"enemies":"Lagavulin","floor":8.0,"turns":3.0},{"damage":1.0,"enemies":"Looter","floor":11.0,"turns":2.0},{"damage":6.0,"enemies":"3 Sentries","floor":12.0,"turns":4.0},{"damage":9.0,"enemies":"3 Louse","floor":14.0,"turns":4.0},{"damage":28.0,"enemies":"Hexaghost","floor":16.0,"turns":7.0},{"damage":11.0,"enemies":"Shell Parasite","floor":18.0,"turns":3.0},{"damage":14.0,"enemies":"2 Thieves","floor":20.0,"turns":3.0},{"damage":15.0,"enemies":"Centurion and Healer","floor":21.0,"turns":6.0},{"damage":38.0,"enemies":"Book of Stabbing","floor":24.0,"turns":5.0},{"damage":22.0,"enemies":"Colosseum Slavers","floor":27.0,"turns":3.0},{"damage":3.0,"enemies":"Colosseum Nobs","floor":27.0,"turns":4.0},{"damage":22.0,"enemies":"Gremlin Leader","floor":28.0,"turns":7.0},{"damage":9.0,"enemies":"Slavers","floor":30.0,"turns":4.0},{"damage":40.0,"enemies":"Automaton","floor":33.0,"turns":8.0},{"damage":1.0,"enemies":"Orb Walker","floor":35.0,"turns":3.0},{"damage":0.0,"enemies":"3 Darklings","floor":38.0,"turns":3.0},{"damage":5.0,"enemies":"4 Shapes","floor":39.0,"turns":4.0},{"damage":0.0,"enemies":"Giant Head","floor":40.0,"turns":4.0},{"damage":0.0,"enemies":"Nemesis","floor":44.0,"turns":4.0},{"damage":0.0,"enemies":"Transient","floor":45.0,"turns":5.0},{"damage":0.0,"enemies":"Sphere and 2 Shapes","floor":47.0,"turns":2.0},{"damage":0.0,"enemies":"Giant Head","floor":48.0,"turns":4.0},{"damage":79,"enemies":"Time Eater","floor":50,"turns":9},{"damage":0,"enemies":"Shield and Spear","floor":54,"turns":3},{"damage":31,"enemies":"The Heart","floor":55,"turns":8}],"seed_played":"-1234982751058288055","potions_obtained":[{"floor":1.0,"key":"AttackPotion"},{"floor":11.0,"key":"Ancient Potion"},{"floor":20.0,"key":"Ancient Potion"},{"floor":28.0,"key":"DistilledChaos"},{"floor":30.0,"key":"SpeedPotion"}],"is_trial":false,"path_per_floor":["M","?","M","M","?","R","$","E","T","R","M","E","?","M","R","B",null,"M","$","M","M","?","R","E","R","T","?","E","?","E","T","R","B",null,"M","?","$","M","M","E","T","?","T","E","M","R","M","E","R","B",null,"R","$","E","B",null],"character_chosen":"WATCHER","basemod:card_modifiers":[null,null,null,null,null,null,null,null,null,null,null,null,null,null,null,null,null,null,null,null],"items_purchased":["CutThroughFate","MentalFortress","EmptyMind","Damaru","Tantrum","Pantograph"],"campfire_rested":2,"item_purchase_floors":[7,19,19,37,53,53],"current_hp_per_floor":[65,65,65,63,45,45,45,59,59,59,58,52,52,55,55,39,74,63,63,49,46,46,46,25,50,55,59,54,54,50,50,50,27,71,75,75,75,80,80,85,85,85,85,86,86,86,86,86,86,19,69,86,86,86,61],"gold":88,"neow_bonus":"THREE_ENEMY_KILL","is_prod":false,"is_daily":false,"chose_seed":false,"campfire_upgraded":6,"win_rate":0,"timestamp":1715345741,"path_taken":["M","?","?","M","?","R","$","E","T","R","M","E","?","M","R","BOSS","M","$","M","M","?","R","E","R","T","?","E","?","E","?","R","BOSS","M","?","$","M","M","E","?","?","T","E","M","R","?","E","R","BOSS","R","$","E","BOSS"],"build_version":"2022-12-18","purchased_purges":4,"victory":true,"max_hp_per_floor":[72,72,72,72,72,72,72,86,86,86,86,86,86,86,86,86,86,86,86,86,86,86,86,86,86,86,86,86,86,86,86,86,86,86,86,86,86,86,86,86,86,86,86,86,86,86,86,86,86,86,86,86,86,86,86],"relic_stats":{"counters":[28,115],"Astrolabe":["Fasting2","BowlingBash","CarveReality"],"Blue Candle":[0],"The Courier":151,"Bag of Preparation":[26],"Omamori":0,"Ginger":[2],"WarpedTongs":[86],"Lizard Tail":0,"Sundial":[26],"Ornamental Fan":[184],"Bloody Idol":51,"Pantograph":0,"VioletLotus":[44],"PureWater":[40],"obtain_stats":[{"NeowsBlessing":0,"Golden Idol":5,"Astrolabe":17,"Blue Candle":43,"Damaru":37,"Mango":8,"Thread and Needle":48,"The Courier":26,"Bag of Preparation":28,"Omamori":44,"Ginger":54,"WarpedTongs":2,"Du-Vu Doll":27,"Lizard Tail":31,"CaptainsWheel":41,"Sundial":27,"Ornamental Fan":30,"Bloody Idol":22,"Pantograph":53,"VioletLotus":34,"PureWater":0,"StrikeDummy":24,"Toy Ornithopter":40,"Meat on the Bone":12},{"NeowsBlessing":0,"Golden Idol":3,"Astrolabe":8,"Blue Candle":21,"Damaru":18,"Mango":4,"Thread and Needle":25,"The Courier":12,"Bag of Preparation":15,"Omamori":22,"Ginger":27,"WarpedTongs":1,"Du-Vu Doll":14,"Lizard Tail":16,"CaptainsWheel":21,"Sundial":14,"Ornamental Fan":16,"Bloody Idol":11,"Pantograph":26,"VioletLotus":17,"PureWater":0,"StrikeDummy":12,"Toy Ornithopter":21,"Meat on the Bone":6},{"NeowsBlessing":0,"Golden Idol":3,"Astrolabe":23,"Blue Candle":80,"Damaru":69,"Mango":6,"Thread and Needle":95,"The Courier":40,"Bag of Preparation":54,"Omamori":84,"Ginger":107,"WarpedTongs":1,"Du-Vu Doll":47,"Lizard Tail":58,"CaptainsWheel":80,"Sundial":47,"Ornamental Fan":58,"Bloody Idol":35,"Pantograph":104,"VioletLotus":66,"PureWater":0,"StrikeDummy":40,"Toy Ornithopter":80,"Meat on the Bone":12}],"Toy Ornithopter":6,"Meat on the Bone":108},"card_choices":[{"not_picked":["DeceiveReality","Consecrate"],"picked":"Meditate","floor":1.0},{"not_picked":["EmptyBody","Pray","Evaluate"],"picked":"SKIP","floor":3.0},{"not_picked":["ThirdEye","Consecrate"],"picked":"CrushJoints","floor":4.0},{"not_picked":["CutThroughFate","Consecrate"],"picked":"WheelKick","floor":8.0},{"not_picked":["FlurryOfBlows","BattleHymn"],"picked":"Prostrate","floor":11.0},{"not_picked":["CrushJoints","FlyingSleeves","Consecrate"],"picked":"SKIP","floor":12.0},{"not_picked":["Judgement","Vengeance","CrushJoints"],"picked":"SKIP","floor":14.0},{"not_picked":["Wish","Establishment"],"picked":"LessonLearned","floor":16.0},{"not_picked":["Protect+1","WheelKick"],"picked":"FearNoEvil+1","floor":18.0},{"not_picked":["BowlingBash","WreathOfFlame","CrushJoints+1"],"picked":"SKIP","floor":20.0},{"not_picked":["Tantrum+1","Worship"],"picked":"Adaptation","floor":21.0},{"not_picked":["LikeWater+1","ReachHeaven+1","FlurryOfBlows+1"],"picked":"SKIP","floor":24.0},{"not_picked":["FlurryOfBlows","Omniscience","CrushJoints"],"picked":"SKIP","floor":28.0},{"not_picked":["ClearTheMind","DeceiveReality","JustLucky"],"picked":"SKIP","floor":30.0},{"not_picked":["ClearTheMind","DeceiveReality","JustLucky"],"picked":"SKIP","floor":30.0},{"not_picked":["Crescendo","CarveReality","ThirdEye+1"],"picked":"SKIP","floor":35.0},{"not_picked":["FlurryOfBlows","PathToVictory","Consecrate+1"],"picked":"SKIP","floor":38.0},{"not_picked":["FlurryOfBlows","PathToVictory","Consecrate+1"],"picked":"SKIP","floor":38.0},{"not_picked":["EmptyBody","EmptyFist","CrushJoints+1"],"picked":"SKIP","floor":39.0},{"not_picked":["FlurryOfBlows","ClearTheMind"],"picked":"Scrawl","floor":40.0},{"not_picked":["Sanctity+1","Perseverance"],"picked":"Establishment","floor":44.0},{"not_picked":["FollowUp","JustLucky+1","Prostrate+1"],"picked":"SKIP","floor":45.0},{"not_picked":["Meditate","BowlingBash+1","SashWhip+1"],"picked":"SKIP","floor":47.0},{"not_picked":["WaveOfTheHand","TalkToTheHand+1","Collect+1"],"picked":"SKIP","floor":48.0},{"not_picked":["JustLucky","Collect","EmptyBody+1"],"picked":"SKIP","floor":54}],"player_experience":686986,"relics_obtained":[{"floor":8.0,"key":"Mango"},{"floor":12.0,"key":"Meat on the Bone"},{"floor":24.0,"key":"StrikeDummy"},{"floor":26.0,"key":"The Courier"},{"floor":27.0,"key":"Du-Vu Doll"},{"floor":27.0,"key":"Sundial"},{"floor":28.0,"key":"Bag of Preparation"},{"floor":30.0,"key":"Ornamental Fan"},{"floor":31.0,"key":"Lizard Tail"},{"floor":40.0,"key":"Toy Ornithopter"},{"floor":41.0,"key":"CaptainsWheel"},{"floor":43.0,"key":"Blue Candle"},{"floor":44.0,"key":"Omamori"},{"floor":48.0,"key":"Thread and Needle"},{"floor":54,"key":"Ginger"}],"event_choices":[{"damage_healed":0.0,"max_hp_gain":0.0,"max_hp_loss":0.0,"gold_gain":0.0,"event_name":"Accursed Blacksmith","player_choice":"Rummage","floor":2.0,"gold_loss":0.0,"damage_taken":0.0,"relics_obtained":["WarpedTongs"],"cards_obtained":["Pain"]},{"damage_healed":0.0,"max_hp_gain":0.0,"max_hp_loss":0.0,"gold_gain":0.0,"event_name":"Golden Idol","player_choice":"Take Damage","floor":5.0,"gold_loss":0.0,"damage_taken":18.0,"relics_obtained":["Golden Idol"]},{"cards_removed":["Strike_P"],"damage_healed":0.0,"max_hp_gain":0.0,"max_hp_loss":0.0,"gold_gain":0.0,"event_name":"Living Wall","player_choice":"Forget","floor":13.0,"gold_loss":0.0,"damage_taken":0.0},{"damage_healed":0.0,"max_hp_gain":0.0,"max_hp_loss":0.0,"gold_gain":0.0,"event_name":"Forgotten Altar","player_choice":"Gave Idol","floor":22.0,"relics_lost":["Golden Idol"],"gold_loss":0.0,"damage_taken":0.0,"relics_obtained":["Bloody Idol"]},{"damage_healed":0.0,"max_hp_gain":0.0,"max_hp_loss":0.0,"gold_gain":0.0,"event_name":"Colosseum","player_choice":"Fight","floor":27.0,"gold_loss":0.0,"damage_taken":0.0},{"damage_healed":0.0,"max_hp_gain":0.0,"max_hp_loss":0.0,"gold_gain":0.0,"event_name":"Colosseum","player_choice":"Fought Nobs","floor":27.0,"gold_loss":0.0,"damage_taken":0.0},{"damage_healed":0.0,"max_hp_gain":0.0,"max_hp_loss":0.0,"gold_gain":0.0,"event_name":"Cursed Tome","player_choice":"Ignored","floor":29.0,"gold_loss":0.0,"damage_taken":0.0},{"cards_removed":["CrushJoints"],"damage_healed":0.0,"max_hp_gain":0.0,"max_hp_loss":0.0,"gold_gain":0.0,"event_name":"Falling","player_choice":"Removed Attack","floor":36.0,"gold_loss":0.0,"damage_taken":0.0},{"damage_healed":0.0,"max_hp_gain":0.0,"max_hp_loss":0.0,"gold_gain":0.0,"event_name":"Match and Keep!","player_choice":"1 cards matched","floor":42.0,"gold_loss":0.0,"damage_taken":0.0,"cards_obtained":["Vault"]}],"is_beta":false,"boss_relics":[{"not_picked":["Calling Bell","Runic Dome"],"picked":"Astrolabe"},{"not_picked":["Philosopher\u0027s Stone","Fusion Hammer"],"picked":"VioletLotus"}],"items_purged_floors":[7,19,37,53],"is_endless":false,"potions_floor_spawned":[1,11,20,27,28,30,33,35,47],"ascension_level":11}