{"gold_per_floor":[115,115,138,151,111,111,36,74,74,74,88,109,109,128,128,219,219,233,233,133,157,201,201,201],"floor_reached":24,"playtime":539,"items_purged":["Strike_G","Strike_G"],"score":392,"play_id":"2278a54d-96ad-4b0b-8d8e-c0a8873c0af3","local_time":"20240526153558","is_ascension_mode":true,"campfire_choices":[{"floor":6.0,"key":"REST"},{"floor":10.0,"key":"REST"},{"data":"Envenom","floor":15.0,"key":"SMITH"},{"data":"Blade Dance","floor":23,"key":"SMITH"}],"neow_cost":"NONE","seed_source_timestamp":3897499993700,"circlet_count":0,"master_deck":["AscendersBane","Strike_G","Strike_G","Strike_G","Defend_G","Defend_G","Defend_G","Defend_G","Defend_G","Survivor","Neutralize","All Out Attack","Blade Dance+1","Blade Dance","Envenom+1","Doppelganger","Terror","Escape Plan"],"special_seed":0,"relics":["Ring of the Snake","Bag of Marbles","Golden Idol","CaptainsWheel","Bird Faced Urn","Runic Dome","Red Mask"],"potions_floor_usage":[16,16,21,22,22],"damage_taken":[{"damage":0.0,"enemies":"2 Louse","floor":1.0,"turns":3.0},{"damage":0.0,"enemies":"Cultist","floor":3.0,"turns":3.0},{"damage":1.0,"enemies":"Jaw Worm","floor":4.0,"turns":3.0},{"damage":28.0,"enemies":"Lagavulin","floor":8.0,"turns":8.0},{"damage":9.0,"enemies":"Exordium Thugs","floor":11.0,"turns":4.0},{"damage":0.0,"enemies":"2 Fungi Beasts","floor":12.0,"turns":2.0},{"damage":6.0,"enemies":"3 Louse","floor":14.0,"turns":3.0},{"damage":29,"enemies":"Slime Boss","floor":16,"turns":10},{"damage":1,"enemies":"3 Byrds","floor":18,"turns":6},{"damage":13,"enemies":"2 Thieves","floor":21,"turns":4},{"damage":9,"enemies":"Masked Bandits","floor":22,"turns":3},{"damage":38,"enemies":"Book of Stabbing","floor":24,"turns":4}],"seed_played":"970057957402898782","potions_obtained":[{"floor":3.0,"key":"Energy Potion"},{"floor":5.0,"key":"Fire Potion"},{"floor":5.0,"key":"Weak Potion"},{"floor":8.0,"key":"Dexterity Potion"},{"floor":14.0,"key":"ColorlessPotion"},{"floor":16,"key":"Explosive Potion"},{"floor":18,"key":"GamblersBrew"},{"floor":21,"key":"AttackPotion"}],"is_trial":false,"path_per_floor":["M","?","M","M","?","R","$","E","T","R","M","M","?","M","R","B",null,"M","?","$","M","?","R","E"],"character_chosen":"THE_SILENT","basemod:card_modifiers":[null,null,null,null,null,null,null,null,null,null,null,null,null,null,null,null,null,null],"items_purchased":[],"campfire_rested":2,"item_purchase_floors":[],"current_hp_per_floor":[59,36,36,35,35,54,54,26,26,45,36,36,36,30,30,3,50,51,51,51,40,33,33,0],"gold":201,"neow_bonus":"RANDOM_COMMON_RELIC","is_prod":false,"is_daily":false,"chose_seed":false,"campfire_upgraded":2,"win_rate":0,"timestamp":1716705358,"path_taken":["M","?","M","M","?","R","$","E","T","R","M","?","?","M","R","BOSS","M","?","$","M","?","R","E"],"build_version":"2022-12-18","purchased_purges":2,"victory":false,"max_hp_per_floor":[66,66,66,66,66,66,66,66,66,66,66,66,66,66,66,66,66,66,66,66,66,66,66,66],"relic_stats":{"counters":[12,53],"Golden Idol":62,"Bird Faced Urn":[10],"obtain_stats":[{"Runic Dome":17,"CaptainsWheel":8,"Golden Idol":2,"Bird Faced Urn":9,"Bag of Marbles":0,"Red Mask":22,"Ring of the Snake":0},{"Runic Dome":8,"CaptainsWheel":4,"Golden Idol":1,"Bird Faced Urn":4,"Bag of Marbles":0,"Red Mask":11,"Ring of the Snake":0},{"Runic Dome":36,"CaptainsWheel":17,"Golden Idol":3,"Bird Faced Urn":17,"Bag of Marbles":0,"Red Mask":49,"Ring of the Snake":0}],"Ring of the Snake":[24]},"card_choices":[{"not_picked":["Acrobatics","Choke","Bane"],"picked":"SKIP","floor":1.0},{"not_picked":["Deflect","Slice"],"picked":"All Out Attack","floor":3.0},{"not_picked":["Crippling Poison","Acrobatics"],"picked":"Blade Dance","floor":4.0},{"not_picked":["Sucker Punch","Distraction"],"picked":"Blade Dance","floor":8.0},{"not_picked":["Footwork","Acrobatics"],"picked":"Envenom","floor":11.0},{"not_picked":["Dodge and Roll","Eviscerate","Sucker Punch"],"picked":"SKIP","floor":12.0},{"not_picked":["Predator","Flechettes","Outmaneuver"],"picked":"SKIP","floor":14.0},{"not_picked":["Tools of the Trade","Glass Knife"],"picked":"Doppelganger","floor":16},{"not_picked":["Quick Slash","PiercingWail"],"picked":"Terror","floor":18},{"not_picked":["Flechettes","Setup"],"picked":"Escape Plan","floor":21}],"player_experience":713395,"relics_obtained":[{"floor":8.0,"key":"CaptainsWheel"},{"floor":9.0,"key":"Bird Faced Urn"},{"floor":22,"key":"Red Mask"}],"event_choices":[{"damage_healed":0.0,"max_hp_gain":0.0,"max_hp_loss":0.0,"gold_gain":0.0,"event_name":"Golden Idol","player_choice":"Take Damage","floor":2.0,"gold_loss":0.0,"damage_taken":23.0,"relics_obtained":["Golden Idol"]},{"damage_healed":0.0,"max_hp_gain":0.0,"max_hp_loss":0.0,"gold_gain":0.0,"event_name":"The Woman in Blue","player_choice":"Bought 3 Potions","floor":5.0,"gold_loss":0.0,"damage_taken":0.0},{"damage_healed":0.0,"max_hp_gain":0.0,"max_hp_loss":0.0,"gold_gain":0.0,"event_name":"Liars Game","player_choice":"Ignored","floor":13.0,"gold_loss":0.0,"damage_taken":0.0},{"damage_healed":0,"gold_gain":0,"player_choice":"Ignored","damage_taken":0,"max_hp_gain":0,"max_hp_loss":0,"event_name":"Vampires","floor":19,"gold_loss":0},{"damage_healed":0,"gold_gain":0,"player_choice":"Fought Bandits","damage_taken":0,"max_hp_gain":0,"max_hp_loss":0,"event_name":"Masked Bandits","floor":22,"gold_loss":0}],"is_beta":false,"boss_relics":[{"not_picked":["Ring of the Serpent","Sozu"],"picked":"Runic Dome"}],"items_purged_floors":[7,20],"is_endless":false,"potions_floor_spawned":[3,8,14,16,18,21],"killed_by":"Book of Stabbing","ascension_level":20}