{"gold_per_floor":[366,384,134,94,104,104,114,146,146,146],"floor_reached":10,"playtime":205,"items_purged":["Strike_G"],"score":136,"play_id":"33d15991-e3b7-4b9f-a183-9fec24c9f312","local_time":"20240525193812","is_ascension_mode":true,"campfire_choices":[{"data":"A Thousand Cuts","floor":6,"key":"SMITH"}],"neow_cost":"PERCENT_DAMAGE","seed_source_timestamp":21939992213700,"circlet_count":0,"master_deck":["AscendersBane","Strike_G","Strike_G","Strike_G","Strike_G","Defend_G","Defend_G","Defend_G","Defend_G","Defend_G","Survivor","Neutralize","Blade Dance","Underhanded Strike","A Thousand Cuts+1","Concentrate","Acrobatics","Tactician"],"relics":["Ring of the Snake","Matryoshka","CeramicFish"],"potions_floor_usage":[8,8,8,8],"damage_taken":[{"damage":11,"enemies":"Small Slimes","floor":1,"turns":4},{"damage":1,"enemies":"Cultist","floor":2,"turns":4},{"damage":0,"enemies":"2 Louse","floor":5,"turns":2},{"damage":9,"enemies":"Large Slime","floor":7,"turns":5},{"damage":17,"enemies":"3 Sentries","floor":8,"turns":6},{"damage":1,"enemies":"Exordium Thugs","floor":10,"turns":2}],"seed_played":"-7431368669747253274","potions_obtained":[{"floor":4,"key":"GamblersBrew"},{"floor":4,"key":"EntropicBrew"}],"is_trial":false,"path_per_floor":["M","M","$","?","M","R","M","E","T","M"],"character_chosen":"THE_SILENT","basemod:card_modifiers":[null,null,null,null,null,null,null,null,null,null,null,null,null,null,null,null,null,null],"items_purchased":["A Thousand Cuts"],"campfire_rested":0,"item_purchase_floors":[3],"current_hp_per_floor":[33,32,32,32,32,32,23,6,6,5],"gold":146,"neow_bonus":"TWO_FIFTY_GOLD","is_prod":false,"is_daily":false,"chose_seed":false,"campfire_upgraded":1,"win_rate":0,"timestamp":1716633492,"path_taken":["M","M","$","?","M","R","M","E","T","M"],"build_version":"2022-12-18","purchased_purges":1,"victory":false,"max_hp_per_floor":[66,66,66,66,66,66,66,66,66,66],"relic_stats":{"Matryoshka":1,"counters":[6,23],"CeramicFish":0,"obtain_stats":[{"Matryoshka":8,"CeramicFish":9,"Ring of the Snake":0},{"Matryoshka":5,"CeramicFish":5,"Ring of the Snake":0},{"Matryoshka":21,"CeramicFish":21,"Ring of the Snake":0}],"Ring of the Snake":[12]},"card_choices":[{"not_picked":["Quick Slash","Slice"],"picked":"Blade Dance","floor":1},{"not_picked":["Cloak And Dagger","Acrobatics"],"picked":"Underhanded Strike","floor":2},{"not_picked":["Poisoned Stab","Quick Slash"],"picked":"Concentrate","floor":5},{"not_picked":["Sucker Punch","Bullet Time"],"picked":"Acrobatics","floor":7},{"not_picked":["Underhanded Strike","Storm of Steel"],"picked":"Tactician","floor":8}],"player_experience":705449,"relics_obtained":[{"floor":8,"key":"Matryoshka"},{"floor":9,"key":"CeramicFish"}],"event_choices":[{"damage_healed":0,"gold_gain":0,"player_choice":"Bought 3 Potions","damage_taken":0,"max_hp_gain":0,"max_hp_loss":0,"event_name":"The Woman in Blue","floor":4,"gold_loss":0}],"is_beta":false,"boss_relics":[],"items_purged_floors":[3],"is_endless":false,"potions_floor_spawned":[5,7],"killed_by":"Exordium Thugs","ascension_level":20}