{"gold_per_floor":[109,122,122,122,141,180,190,190,190,228,247,267,297,247,247,347,347,367,386,395,413,458,458,501,441,441,469,224,259,269,293,293,401,401,416,335,349,376,403,441,453,473,473,527,527,557,573,599,599,599,599,599,13,41,41],"floor_reached":56,"playtime":2397,"items_purged":["Defend_P","Strike_P","Strike_P","Strike_P"],"score":2307,"play_id":"53623efc-1555-4970-9cfb-a18695f53b7d","local_time":"20240518231144","is_ascension_mode":true,"campfire_choices":[{"floor":8.0,"key":"REST"},{"floor":15.0,"key":"REST"},{"data":"Ghostly","floor":23.0,"key":"SMITH"},{"floor":32,"key":"RECALL"},{"data":"Ghostly","floor":49,"key":"SMITH"},{"data":"Ghostly","floor":52,"key":"SMITH"}],"neow_cost":"TEN_PERCENT_HP_LOSS","seed_source_timestamp":0,"circlet_count":0,"master_deck":["AscendersBane","Defend_P","Eruption","Vigilance","Apotheosis+1","EmptyFist","Consecrate","Tantrum","CrushJoints","FearNoEvil","RitualDagger","Conclude","JustLucky","Ghostly+1","Ghostly+1","Ghostly+1","Ghostly","Ghostly","InnerPeace","InnerPeace+1","Sanctity+1","Scrawl+1","Evaluate+1","Finesse+1","Madness+1","Madness+1","EmptyMind+1","Adaptation","TalkToTheHand","EmptyMind+1","EmptyMind+1"],"special_seed":0,"relics":["PureWater","The Courier","CeramicFish","White Beast Statue","Ancient Tea Set","Gremlin Horn","VioletLotus","Blood Vial","Smiling Mask","Art of War","Bottled Lightning","Toxic Egg 2","Black Star","Damaru","Bird Faced Urn","Pocketwatch","Strawberry","Kunai","Happy Flower","Vajra","Bottled Tornado","Centennial Puzzle","Akabeko","Bronze Scales","Orichalcum"],"potions_floor_usage":[30,31,40,55,55],"damage_taken":[{"damage":0.0,"enemies":"Jaw Worm","floor":1.0,"turns":4.0},{"damage":0.0,"enemies":"Cultist","floor":2.0,"turns":3.0},{"damage":0.0,"enemies":"2 Louse","floor":5.0,"turns":3.0},{"damage":12.0,"enemies":"Gremlin Nob","floor":6.0,"turns":3.0},{"damage":1.0,"enemies":"Looter","floor":7.0,"turns":3.0},{"damage":0.0,"enemies":"Lagavulin","floor":10.0,"turns":3.0},{"damage":9.0,"enemies":"2 Fungi Beasts","floor":11.0,"turns":3.0},{"damage":13.0,"enemies":"Blue Slaver","floor":12.0,"turns":2.0},{"damage":20.0,"enemies":"Gremlin Nob","floor":13.0,"turns":4.0},{"damage":11.0,"enemies":"Hexaghost","floor":16.0,"turns":7.0},{"damage":12.0,"enemies":"Shell Parasite","floor":18.0,"turns":4.0},{"damage":0.0,"enemies":"Spheric Guardian","floor":19.0,"turns":2.0},{"damage":2.0,"enemies":"Gremlin Leader","floor":24.0,"turns":6.0},{"damage":12.0,"enemies":"Book of Stabbing","floor":27.0,"turns":5.0},{"damage":0.0,"enemies":"Gremlin Leader","floor":29.0,"turns":2.0},{"damage":2,"enemies":"Cultist and Chosen","floor":30,"turns":4},{"damage":0,"enemies":"Snecko","floor":31,"turns":2},{"damage":1,"enemies":"Automaton","floor":33,"turns":10},{"damage":2,"enemies":"3 Shapes","floor":35,"turns":2},{"damage":3,"enemies":"3 Darklings","floor":37,"turns":4},{"damage":0,"enemies":"Writhing Mass","floor":39,"turns":6},{"damage":2,"enemies":"Giant Head","floor":40,"turns":6},{"damage":2,"enemies":"Jaw Worm Horde","floor":41,"turns":2},{"damage":0,"enemies":"Transient","floor":42,"turns":5},{"damage":0,"enemies":"2 Orb Walkers","floor":44,"turns":2},{"damage":8,"enemies":"Reptomancer","floor":46,"turns":6},{"damage":1,"enemies":"Spire Growth","floor":47,"turns":4},{"damage":0,"enemies":"Nemesis","floor":48,"turns":3},{"damage":0,"enemies":"Awakened One","floor":50,"turns":6},{"damage":0,"enemies":"Shield and Spear","floor":54,"turns":2},{"damage":7,"enemies":"The Heart","floor":55,"turns":5}],"seed_played":"6617074352924702378","potions_obtained":[{"floor":1.0,"key":"BottledMiracle"},{"floor":6.0,"key":"AttackPotion"},{"floor":10.0,"key":"PowerPotion"},{"floor":12.0,"key":"SkillPotion"},{"floor":13.0,"key":"EssenceOfSteel"},{"floor":16.0,"key":"EssenceOfSteel"},{"floor":18.0,"key":"Swift Potion"},{"floor":19.0,"key":"LiquidMemories"},{"floor":27.0,"key":"ColorlessPotion"},{"floor":29.0,"key":"Regen Potion"},{"floor":30,"key":"Ancient Potion"},{"floor":31,"key":"LiquidMemories"},{"floor":39,"key":"Block Potion"},{"floor":40,"key":"FearPotion"},{"floor":41,"key":"GamblersBrew"}],"is_trial":false,"path_per_floor":["M","M","?","?","M","E","M","R","T","E","M","M","E","?","R","B",null,"M","M","?","?","?","R","E","$","T","E","$","E","M","M","R","B",null,"M","$","M","?","M","E","M","M","T","?","?","E","M","E","R","B",null,"R","$","E","B",null],"character_chosen":"WATCHER","basemod:card_modifiers":[null,null,null,null,null,null,null,null,null,null,null,null,null,null,null,null,null,null,null,null,null,null,null,null,null,null,null,null,null,null,null],"items_purchased":["Bottled Lightning","Evaluate+1","EmptyMind+1","EmptyMind+1","Bottled Tornado","Centennial Puzzle","Akabeko"],"campfire_rested":2,"item_purchase_floors":[28,36,53,53,53,53,53],"current_hp_per_floor":[65,65,47,47,47,35,34,53,53,53,44,31,11,11,30,19,54,42,42,36,36,32,32,30,30,30,20,20,22,22,24,24,25,30,30,30,29,19,21,31,32,32,32,32,30,31,34,37,37,37,37,37,37,37,31],"gold":41,"neow_bonus":"RANDOM_COLORLESS_2","is_prod":false,"is_daily":false,"chose_seed":false,"campfire_upgraded":3,"win_rate":0,"timestamp":1716041504,"path_taken":["M","M","?","?","M","E","?","R","T","E","M","M","E","?","R","BOSS","M","M","?","?","?","R","E","$","T","E","?","E","?","M","R","BOSS","M","$","M","?","M","E","M","M","T","?","?","E","M","E","R","BOSS","R","$","E","BOSS"],"build_version":"2022-12-18","purchased_purges":4,"victory":true,"max_hp_per_floor":[65,65,65,65,65,65,65,65,65,65,65,65,65,65,65,65,65,65,65,65,65,32,32,32,32,32,32,32,32,32,32,32,32,32,32,32,32,32,32,32,32,32,32,32,30,37,37,37,37,37,37,37,37,37,37],"relic_stats":{"Gremlin Horn":[26,26],"Happy Flower":[4],"counters":[31,123],"CeramicFish":216,"The Courier":287,"Bottled Tornado":"Adaptation","Orichalcum":[0],"Ancient Tea Set":[10],"Smiling Mask":150,"White Beast Statue":[0.0,0.0,0.0,0.4,0.0,0.6000000000000001,0.0,0.0,0.0,0.0,0.0,10.365253171200004],"Blood Vial":23,"Centennial Puzzle":[3],"Bird Faced Urn":[8],"Bronze Scales":[48],"VioletLotus":[91],"Art of War":[6],"Black Star":4,"Bottled Lightning":"Apotheosis","Kunai":[31],"PureWater":[40],"obtain_stats":[{"Gremlin Horn":13,"CeramicFish":6,"Vajra":48,"Bottled Tornado":53,"Ancient Tea Set":10,"Smiling Mask":26,"Blood Vial":24,"Centennial Puzzle":53,"Strawberry":46,"VioletLotus":17,"Kunai":46,"Toxic Egg 2":29,"Happy Flower":48,"Damaru":40,"The Courier":3,"Orichalcum":54,"White Beast Statue":9,"Akabeko":53,"Bird Faced Urn":40,"Bronze Scales":54,"Art of War":27,"Black Star":34,"Bottled Lightning":28,"PureWater":0,"Pocketwatch":44},{"Gremlin Horn":9,"CeramicFish":4,"Vajra":28,"Bottled Tornado":29,"Ancient Tea Set":6,"Smiling Mask":13,"Blood Vial":13,"Centennial Puzzle":29,"Strawberry":26,"VioletLotus":10,"Kunai":26,"Toxic Egg 2":15,"Happy Flower":28,"Damaru":22,"The Courier":2,"Orichalcum":30,"White Beast Statue":5,"Akabeko":29,"Bird Faced Urn":22,"Bronze Scales":30,"Art of War":14,"Black Star":18,"Bottled Lightning":14,"PureWater":0,"Pocketwatch":25},{"Gremlin Horn":28,"CeramicFish":13,"Vajra":110,"Bottled Tornado":116,"Ancient Tea Set":19,"Smiling Mask":47,"Blood Vial":47,"Centennial Puzzle":116,"Strawberry":103,"VioletLotus":35,"Kunai":103,"Toxic Egg 2":54,"Happy Flower":110,"Damaru":88,"The Courier":7,"Orichalcum":118,"White Beast Statue":16,"Akabeko":116,"Bird Faced Urn":88,"Bronze Scales":118,"Art of War":52,"Black Star":70,"Bottled Lightning":52,"PureWater":0,"Pocketwatch":97}],"Pocketwatch":[3]},"card_choices":[{"not_picked":["HandOfGreed","Panache"],"picked":"Apotheosis","floor":0.0},{"not_picked":["Fasting2","Crescendo"],"picked":"EmptyFist","floor":1.0},{"not_picked":["WreathOfFlame","Sanctity"],"picked":"Consecrate","floor":2.0},{"not_picked":["FollowUp","BowlingBash","JustLucky"],"picked":"SKIP","floor":5.0},{"not_picked":["FearNoEvil","ClearTheMind"],"picked":"Tantrum","floor":6.0},{"not_picked":["Fasting2","Prostrate","Halt"],"picked":"SKIP","floor":7.0},{"not_picked":["Swivel","ReachHeaven"],"picked":"CrushJoints","floor":10.0},{"not_picked":["JustLucky","DevaForm","CrushJoints"],"picked":"SKIP","floor":11.0},{"not_picked":["EmptyFist","BowlingBash"],"picked":"FearNoEvil","floor":12.0},{"not_picked":["Alpha","Meditate","JustLucky"],"picked":"SKIP","floor":13.0},{"not_picked":["BowlingBash","JustLucky","EmptyFist"],"picked":"SKIP","floor":18.0},{"not_picked":["BowlingBash","PathToVictory","EmptyBody"],"picked":"SKIP","floor":19.0},{"not_picked":["Evaluate","FlyingSleeves"],"picked":"InnerPeace","floor":24.0},{"not_picked":["CutThroughFate","EmptyBody","Protect+1"],"picked":"SKIP","floor":27.0},{"not_picked":["Consecrate+1","FlurryOfBlows"],"picked":"InnerPeace+1","floor":29.0},{"not_picked":["Indignation+1","FlurryOfBlows","EmptyFist"],"picked":"SKIP","floor":30},{"not_picked":["Devotion","FearNoEvil"],"picked":"Sanctity+1","floor":31},{"not_picked":["LessonLearned","Omniscience+1"],"picked":"Scrawl+1","floor":33},{"not_picked":["WaveOfTheHand+1","Indignation+1","Crescendo+1"],"picked":"SKIP","floor":35},{"not_picked":["PathToVictory+1","Prostrate+1","FlyingSleeves"],"picked":"SKIP","floor":37},{"not_picked":["Dramatic Entrance","Secret Weapon+1"],"picked":"Finesse+1","floor":38},{"not_picked":["Apotheosis+1","Panacea+1"],"picked":"Madness+1","floor":38},{"not_picked":["Good Instincts+1","Violence+1"],"picked":"Madness+1","floor":38},{"not_picked":["PathToVictory+1","Protect+1"],"picked":"EmptyMind+1","floor":39},{"not_picked":["EmptyMind+1","Evaluate+1"],"picked":"Adaptation","floor":40},{"not_picked":["Crescendo+1","ForeignInfluence+1","SashWhip+1"],"picked":"SKIP","floor":41},{"not_picked":["EmptyFist","ThirdEye+1"],"picked":"TalkToTheHand","floor":42},{"not_picked":["CutThroughFate","Indignation+1","Tantrum+1"],"picked":"SKIP","floor":46},{"not_picked":["Judgement+1","Indignation+1","SashWhip"],"picked":"SKIP","floor":47},{"not_picked":["ForeignInfluence+1","Halt+1","Devotion"],"picked":"SKIP","floor":48},{"not_picked":["FlurryOfBlows+1","Halt+1","Indignation+1"],"picked":"SKIP","floor":54}],"player_experience":689338,"relics_obtained":[{"floor":6.0,"key":"CeramicFish"},{"floor":9.0,"key":"White Beast Statue"},{"floor":10.0,"key":"Ancient Tea Set"},{"floor":13.0,"key":"Gremlin Horn"},{"floor":24.0,"key":"Blood Vial"},{"floor":26.0,"key":"Smiling Mask"},{"floor":27.0,"key":"Art of War"},{"floor":29.0,"key":"Toxic Egg 2"},{"floor":40,"key":"Damaru"},{"floor":40,"key":"Bird Faced Urn"},{"floor":44,"key":"Pocketwatch"},{"floor":46,"key":"Strawberry"},{"floor":46,"key":"Kunai"},{"floor":48,"key":"Happy Flower"},{"floor":48,"key":"Vajra"},{"floor":54,"key":"Bronze Scales"},{"floor":54,"key":"Orichalcum"}],"event_choices":[{"damage_healed":0.0,"max_hp_gain":0.0,"max_hp_loss":0.0,"gold_gain":0.0,"event_name":"Scrap Ooze","player_choice":"Success","floor":3.0,"gold_loss":0.0,"damage_taken":18.0,"relics_obtained":["The Courier"]},{"damage_healed":0.0,"max_hp_gain":0.0,"max_hp_loss":0.0,"gold_gain":0.0,"event_name":"Accursed Blacksmith","player_choice":"Forge","floor":4.0,"gold_loss":0.0,"damage_taken":0.0,"cards_upgraded":["Apotheosis"]},{"cards_removed":["Defend_P"],"damage_healed":0.0,"max_hp_gain":0.0,"max_hp_loss":0.0,"gold_gain":0.0,"event_name":"The Cleric","player_choice":"Card Removal","floor":14.0,"gold_loss":50.0,"damage_taken":0.0},{"damage_healed":0.0,"max_hp_gain":0.0,"max_hp_loss":0.0,"gold_gain":0.0,"event_name":"Nest","player_choice":"Joined the Cult","floor":20.0,"gold_loss":0.0,"damage_taken":6.0,"cards_obtained":["RitualDagger"]},{"damage_healed":0.0,"max_hp_gain":0.0,"max_hp_loss":0.0,"gold_gain":0.0,"cards_transformed":["Defend_P","Strike_P"],"event_name":"Drug Dealer","player_choice":"Became Test Subject","floor":21.0,"gold_loss":0.0,"damage_taken":0.0,"cards_obtained":["Conclude","JustLucky"]},{"damage_healed":0.0,"max_hp_gain":0.0,"max_hp_loss":33.0,"gold_gain":0.0,"event_name":"Ghosts","player_choice":"Became a Ghost","floor":22.0,"gold_loss":0.0,"damage_taken":0.0,"cards_obtained":["Ghostly","Ghostly","Ghostly","Ghostly","Ghostly"]},{"damage_healed":0,"gold_gain":0,"player_choice":"Memory 3","damage_taken":10,"max_hp_gain":0,"max_hp_loss":0,"event_name":"SensoryStone","floor":38,"gold_loss":0},{"damage_healed":0,"gold_gain":0,"player_choice":"Fight","damage_taken":0,"max_hp_gain":0,"max_hp_loss":0,"event_name":"Mysterious Sphere","floor":44,"gold_loss":0},{"damage_healed":0,"gold_gain":0,"player_choice":"Max HP","damage_taken":0,"max_hp_gain":0,"max_hp_loss":2,"event_name":"Winding Halls","floor":45,"gold_loss":0}],"is_beta":false,"boss_relics":[{"not_picked":["Fusion Hammer","Busted Crown"],"picked":"VioletLotus"},{"not_picked":["Tiny House","Philosopher\u0027s Stone"],"picked":"Black Star"}],"items_purged_floors":[25,28,36,53],"is_endless":false,"potions_floor_spawned":[1,6,7,10,11,12,13,16,18,19,24,27,29,30,31,33,35,37,39,40,41,42,44,46,47,48,54],"ascension_level":12}