{"gold_per_floor":[117,42,42,59,77,77,2,22,22,56,77,105,117,131,131,206,206,222,16,31,49,49,49,75,75,75,85,111,111,121,133,133,210,210,225,237,237,256,271,271],"floor_reached":40,"playtime":823,"items_purged":["Strike_G"],"score":884,"play_id":"4672382d-9ecb-4d5d-8c56-3edce868b11a","local_time":"20240525195400","is_ascension_mode":true,"campfire_choices":[{"data":"Dagger Throw","floor":6.0,"key":"SMITH"},{"data":"Terror","floor":15.0,"key":"SMITH"},{"data":"Apotheosis","floor":23.0,"key":"SMITH"},{"floor":25.0,"key":"REST"},{"floor":32.0,"key":"RECALL"}],"neow_cost":"NONE","seed_source_timestamp":22151723450700,"circlet_count":0,"master_deck":["AscendersBane","Strike_G","Strike_G+1","Strike_G","Defend_G","Defend_G","Defend_G","Defend_G","Defend_G","Survivor","Neutralize","Dagger Throw+1","Masterful Stab+1","Slice","Glass Knife","Blade Dance","Terror+1","After Image","Apotheosis+1","Escape Plan","Well Laid Plans+1","Escape Plan","Phantasmal Killer","Blade Dance"],"special_seed":0,"relics":["Ring of the Snake","NeowsBlessing","Ninja Scroll","Singing Bowl","Vajra","Odd Mushroom","Whetstone","WristBlade","Unceasing Top","Paper Crane","Frozen Egg 2","SacredBark"],"potions_floor_usage":[33,36,39,40],"damage_taken":[{"damage":0.0,"enemies":"Jaw Worm","floor":1.0,"turns":1.0},{"damage":0.0,"enemies":"2 Louse","floor":4.0,"turns":1.0},{"damage":0.0,"enemies":"Small Slimes","floor":5.0,"turns":1.0},{"damage":0.0,"enemies":"Exordium Wildlife","floor":8.0,"turns":4.0},{"damage":20.0,"enemies":"Gremlin Nob","floor":10.0,"turns":4.0},{"damage":0.0,"enemies":"The Mushroom Lair","floor":11.0,"turns":4.0},{"damage":20.0,"enemies":"Lagavulin","floor":12.0,"turns":4.0},{"damage":0.0,"enemies":"Gremlin Gang","floor":13.0,"turns":2.0},{"damage":0.0,"enemies":"2 Fungi Beasts","floor":14.0,"turns":2.0},{"damage":9.0,"enemies":"Slime Boss","floor":16.0,"turns":4.0},{"damage":1.0,"enemies":"3 Byrds","floor":18.0,"turns":4.0},{"damage":0.0,"enemies":"Chosen","floor":20.0,"turns":3.0},{"damage":0.0,"enemies":"Shelled Parasite and Fungi","floor":21.0,"turns":2.0},{"damage":16.0,"enemies":"Book of Stabbing","floor":24.0,"turns":3.0},{"damage":7.0,"enemies":"Sentry and Sphere","floor":27.0,"turns":3.0},{"damage":2.0,"enemies":"Gremlin Leader","floor":28.0,"turns":5.0},{"damage":0.0,"enemies":"3 Cultists","floor":30.0,"turns":4.0},{"damage":18.0,"enemies":"Shelled Parasite and Fungi","floor":31.0,"turns":4.0},{"damage":31,"enemies":"Collector","floor":33,"turns":6},{"damage":0,"enemies":"Orb Walker","floor":35,"turns":2},{"damage":21,"enemies":"3 Darklings","floor":36,"turns":6},{"damage":33,"enemies":"Spire Growth","floor":38,"turns":4},{"damage":5,"enemies":"Writhing Mass","floor":39,"turns":4},{"damage":0,"enemies":"Reptomancer","floor":40,"turns":2}],"seed_played":"3629052012532734711","potions_obtained":[{"floor":5.0,"key":"Weak Potion"},{"floor":12.0,"key":"SkillPotion"},{"floor":13.0,"key":"Dexterity Potion"},{"floor":16.0,"key":"SneckoOil"},{"floor":24.0,"key":"SpeedPotion"},{"floor":27.0,"key":"GhostInAJar"},{"floor":33,"key":"CunningPotion"},{"floor":36,"key":"GamblersBrew"}],"is_trial":false,"path_per_floor":["M","?","T","M","M","R","$","M","T","E","?","E","M","M","R","B",null,"M","$","M","M","?","R","E","R","T","M","E","?","M","M","R","B",null,"M","M","?","M","M","E"],"character_chosen":"THE_SILENT","basemod:card_modifiers":[null,null,null,null,null,null,null,null,null,null,null,null,null,null,null,null,null,null,null,null,null,null,null,null],"items_purchased":["Apotheosis"],"campfire_rested":1,"item_purchase_floors":[19],"current_hp_per_floor":[59,59,59,59,59,59,59,59,59,41,41,23,23,23,23,14,56,57,57,57,59,59,59,45,67,67,60,60,60,60,44,44,13,63,65,44,44,13,10,10],"gold":271,"neow_bonus":"THREE_ENEMY_KILL","is_prod":false,"is_daily":false,"chose_seed":false,"campfire_upgraded":3,"win_rate":0,"timestamp":1716634440,"path_taken":["M","?","?","M","M","R","$","M","T","E","?","E","M","M","R","BOSS","M","$","M","M","?","R","E","R","T","M","E","?","M","M","R","BOSS","M","M","?","M","M","E"],"build_version":"2022-12-18","purchased_purges":1,"victory":false,"max_hp_per_floor":[66,66,66,66,66,66,66,66,66,68,68,70,70,70,70,70,70,72,72,72,74,74,74,76,76,76,76,78,78,78,80,80,80,80,82,82,78,80,82,82],"relic_stats":{"Singing Bowl":20,"counters":[24,79],"Whetstone":["Masterful Stab","Strike_G"],"obtain_stats":[{"NeowsBlessing":0,"Singing Bowl":9,"WristBlade":17,"Ninja Scroll":3,"SacredBark":34,"Vajra":10,"Whetstone":12,"Odd Mushroom":11,"Paper Crane":26,"Frozen Egg 2":28,"Unceasing Top":24,"Ring of the Snake":0},{"NeowsBlessing":0,"Singing Bowl":4,"WristBlade":10,"Ninja Scroll":1,"SacredBark":19,"Vajra":5,"Whetstone":7,"Odd Mushroom":6,"Paper Crane":14,"Frozen Egg 2":16,"Unceasing Top":14,"Ring of the Snake":0},{"NeowsBlessing":0,"Singing Bowl":7,"WristBlade":27,"Ninja Scroll":1,"SacredBark":61,"Vajra":11,"Whetstone":19,"Odd Mushroom":15,"Paper Crane":39,"Frozen Egg 2":47,"Unceasing Top":39,"Ring of the Snake":0}],"Unceasing Top":[3],"Ring of the Snake":[48]},"card_choices":[{"not_picked":["Deflect","Flying Knee"],"picked":"Dagger Throw","floor":1.0},{"not_picked":["Deflect","Cloak And Dagger","Bane"],"picked":"SKIP","floor":4.0},{"not_picked":["PiercingWail","All Out Attack"],"picked":"Masterful Stab","floor":5.0},{"not_picked":["Deflect","Poisoned Stab"],"picked":"Slice","floor":8.0},{"not_picked":["Accuracy","Bane","Heel Hook"],"picked":"Singing Bowl","floor":10.0},{"not_picked":["Cloak And Dagger","Backflip"],"picked":"Glass Knife","floor":11.0},{"not_picked":["Masterful Stab","Cloak And Dagger","Quick Slash"],"picked":"Singing Bowl","floor":12.0},{"not_picked":["Leg Sweep","Deadly Poison"],"picked":"Blade Dance","floor":13.0},{"not_picked":["Slice","Dodge and Roll"],"picked":"Terror","floor":14.0},{"not_picked":["A Thousand Cuts","Tools of the Trade"],"picked":"After Image","floor":16.0},{"not_picked":["Sucker Punch","Slice+1","Blade Dance"],"picked":"Singing Bowl","floor":18.0},{"not_picked":["Expertise","Choke"],"picked":"Escape Plan","floor":20.0},{"not_picked":["Slice","Endless Agony","Setup"],"picked":"Singing Bowl","floor":21.0},{"not_picked":["Deflect","Bullet Time","Caltrops+1"],"picked":"Singing Bowl","floor":24.0},{"not_picked":["Terror","Accuracy"],"picked":"Well Laid Plans+1","floor":27.0},{"not_picked":["Heel Hook+1","Bane","Eviscerate"],"picked":"Singing Bowl","floor":28.0},{"not_picked":["Poisoned Stab","Outmaneuver"],"picked":"Escape Plan","floor":30.0},{"not_picked":["Dodge and Roll","Sucker Punch","Outmaneuver+1"],"picked":"Singing Bowl","floor":31.0},{"not_picked":["A Thousand Cuts+1","Glass Knife"],"picked":"Phantasmal Killer","floor":33},{"not_picked":["Flechettes","Dagger Throw","Blur"],"picked":"Singing Bowl","floor":35},{"not_picked":["Eviscerate","Bane"],"picked":"Blade Dance","floor":36},{"not_picked":["PiercingWail","Heel Hook","Endless Agony"],"picked":"Singing Bowl","floor":38},{"not_picked":["Bane+1","Dagger Spray","Flechettes"],"picked":"Singing Bowl","floor":39}],"player_experience":705654,"relics_obtained":[{"floor":3.0,"key":"Ninja Scroll"},{"floor":9.0,"key":"Singing Bowl"},{"floor":10.0,"key":"Vajra"},{"floor":11.0,"key":"Odd Mushroom"},{"floor":12.0,"key":"Whetstone"},{"floor":24.0,"key":"Unceasing Top"},{"floor":26.0,"key":"Paper Crane"},{"floor":28.0,"key":"Frozen Egg 2"}],"event_choices":[{"cards_removed":["Strike_G"],"damage_healed":0.0,"max_hp_gain":0.0,"max_hp_loss":0.0,"gold_gain":0.0,"event_name":"The Cleric","player_choice":"Card Removal","floor":2.0,"gold_loss":75.0,"damage_taken":0.0},{"damage_healed":0.0,"max_hp_gain":0.0,"max_hp_loss":0.0,"gold_gain":0.0,"event_name":"Mushrooms","player_choice":"Fought Mushrooms","floor":11.0,"gold_loss":0.0,"damage_taken":0.0},{"damage_healed":0.0,"max_hp_gain":0.0,"max_hp_loss":0.0,"gold_gain":0.0,"event_name":"Vampires","player_choice":"Ignored","floor":22.0,"gold_loss":0.0,"damage_taken":0.0},{"damage_healed":0.0,"max_hp_gain":0.0,"max_hp_loss":0.0,"gold_gain":0.0,"event_name":"Ghosts","player_choice":"Ignored","floor":29.0,"gold_loss":0.0,"damage_taken":0.0},{"damage_healed":0,"gold_gain":0,"player_choice":"Max HP","damage_taken":0,"max_hp_gain":0,"max_hp_loss":4,"event_name":"Winding Halls","floor":37,"gold_loss":0}],"is_beta":false,"boss_relics":[{"not_picked":["Empty Cage","Cursed Key"],"picked":"WristBlade"},{"not_picked":["SlaversCollar","Tiny House"],"picked":"SacredBark"}],"items_purged_floors":[7],"is_endless":false,"potions_floor_spawned":[5,12,13,16,18,24,27,33,36,38],"killed_by":"Reptomancer","ascension_level":20}