{"gold_per_floor":[115,190,205,130,130,156,156,176,199,228,246,260,290,301,301,375,375,388,406,425,158,175,202,219,219],"floor_reached":25,"playtime":867,"items_purged":["Strike_G","Strike_G"],"score":494,"play_id":"957e0072-7909-4bf7-bd79-ebe83aa9c1f5","local_time":"20240525202236","is_ascension_mode":true,"campfire_choices":[{"data":"The Bomb","floor":7,"key":"SMITH"},{"data":"Neutralize","floor":15,"key":"SMITH"}],"neow_cost":"PERCENT_DAMAGE","seed_source_timestamp":23941456632400,"circlet_count":0,"master_deck":["AscendersBane","Strike_G","Defend_G","Defend_G","Defend_G+1","Defend_G","Survivor+1","Neutralize+1","The Bomb+1","Blade Dance","Escape Plan","Prepared","Backflip","Malaise","Phantasmal Killer+1","Storm of Steel+1","Expertise+1","Concentrate","Eviscerate","PiercingWail"],"relics":["Ring of the Snake","Happy Flower","Meat on the Bone","Paper Crane","Astrolabe","War Paint","Darkstone Periapt"],"potions_floor_usage":[11,13,22,23,25],"damage_taken":[{"damage":11,"enemies":"Small Slimes","floor":1,"turns":3},{"damage":9,"enemies":"2 Louse","floor":3,"turns":4},{"damage":12,"enemies":"Lagavulin","floor":6,"turns":6},{"damage":2,"enemies":"Cultist","floor":8,"turns":4},{"damage":5,"enemies":"3 Sentries","floor":10,"turns":3},{"damage":10,"enemies":"Gremlin Gang","floor":11,"turns":4},{"damage":12,"enemies":"Large Slime","floor":12,"turns":3},{"damage":15,"enemies":"Lagavulin","floor":13,"turns":7},{"damage":0,"enemies":"Blue Slaver","floor":14,"turns":3},{"damage":19,"enemies":"The Guardian","floor":16,"turns":13},{"damage":13,"enemies":"Chosen","floor":18,"turns":7},{"damage":15,"enemies":"Spheric Guardian","floor":19,"turns":6},{"damage":5,"enemies":"Centurion and Healer","floor":20,"turns":6},{"damage":6,"enemies":"Cultist and Chosen","floor":22,"turns":6},{"damage":20,"enemies":"Slavers","floor":23,"turns":3},{"damage":16,"enemies":"Chosen and Byrds","floor":24,"turns":4},{"damage":31,"enemies":"Book of Stabbing","floor":25,"turns":7}],"seed_played":"-7330395937614816369","potions_obtained":[{"floor":1,"key":"Weak Potion"},{"floor":3,"key":"Dexterity Potion"},{"floor":11,"key":"FearPotion"},{"floor":14,"key":"LiquidBronze"},{"floor":20,"key":"Block Potion"},{"floor":24,"key":"SkillPotion"}],"is_trial":false,"path_per_floor":["M","?","M","$","?","E","R","M","T","E","M","M","E","M","R","B",null,"M","M","M","$","M","E","M","E"],"character_chosen":"THE_SILENT","basemod:card_modifiers":[null,null,null,null,null,null,null,null,null,null,null,null,null,null,null,null,null,null,null,null],"items_purchased":["War Paint"],"campfire_rested":0,"item_purchase_floors":[21],"current_hp_per_floor":[33,22,13,13,66,54,54,52,52,47,37,37,34,34,34,27,56,43,40,35,35,41,33,29,0],"gold":219,"neow_bonus":"RANDOM_COLORLESS_2","is_prod":false,"is_daily":false,"chose_seed":false,"campfire_upgraded":2,"win_rate":0,"timestamp":1716636156,"path_taken":["M","?","M","$","?","E","R","M","T","E","M","M","E","?","R","BOSS","M","?","M","$","M","E","M","E"],"build_version":"2022-12-18","purchased_purges":2,"victory":false,"max_hp_per_floor":[66,66,66,66,66,66,66,66,66,66,66,66,66,66,66,66,66,66,66,66,66,66,66,66,66],"relic_stats":{"Darkstone Periapt":0,"Happy Flower":[25],"counters":[17,89],"Astrolabe":["Phantasmal Killer","Storm of Steel","Expertise"],"War Paint":["Defend_G","Survivor"],"obtain_stats":[{"Darkstone Periapt":23,"Happy Flower":6,"Astrolabe":17,"Paper Crane":13,"War Paint":21,"Ring of the Snake":0,"Meat on the Bone":10},{"Darkstone Periapt":15,"Happy Flower":3,"Astrolabe":10,"Paper Crane":8,"War Paint":13,"Ring of the Snake":0,"Meat on the Bone":5},{"Darkstone Periapt":78,"Happy Flower":13,"Astrolabe":50,"Paper Crane":34,"War Paint":69,"Ring of the Snake":0,"Meat on the Bone":20}],"Ring of the Snake":[34],"Meat on the Bone":84},"card_choices":[{"not_picked":["Sadistic Nature","Chrysalis"],"picked":"The Bomb","floor":0},{"not_picked":["Infinite Blades","Deflect"],"picked":"Heel Hook","floor":1},{"not_picked":["Flying Knee","Acrobatics"],"picked":"Blade Dance","floor":3},{"not_picked":["Quick Slash","Tactician"],"picked":"Escape Plan","floor":6},{"not_picked":["Caltrops","Sucker Punch","Underhanded Strike"],"picked":"SKIP","floor":8},{"not_picked":["Predator","Dagger Spray"],"picked":"Prepared","floor":10},{"not_picked":["Outmaneuver","Accuracy"],"picked":"Backflip","floor":11},{"not_picked":["Caltrops","Bane","Dagger Spray"],"picked":"SKIP","floor":12},{"not_picked":["Dagger Spray","A Thousand Cuts","Slice"],"picked":"SKIP","floor":13},{"not_picked":["Dagger Throw","Caltrops","Dagger Spray"],"picked":"SKIP","floor":14},{"not_picked":["Wraith Form v2","Glass Knife"],"picked":"Malaise","floor":16},{"not_picked":["Backflip","Outmaneuver","Slice"],"picked":"SKIP","floor":18},{"not_picked":["Outmaneuver","Cloak And Dagger","Flechettes"],"picked":"SKIP","floor":19},{"not_picked":["Underhanded Strike","Infinite Blades"],"picked":"Concentrate","floor":20},{"not_picked":["PiercingWail","Cloak And Dagger"],"picked":"Eviscerate","floor":22},{"not_picked":["Eviscerate","Bouncing Flask"],"picked":"PiercingWail","floor":23},{"not_picked":["Cloak And Dagger","Expertise","Backflip"],"picked":"SKIP","floor":24}],"player_experience":707311,"relics_obtained":[{"floor":6,"key":"Happy Flower"},{"floor":10,"key":"Meat on the Bone"},{"floor":13,"key":"Paper Crane"},{"floor":23,"key":"Darkstone Periapt"}],"event_choices":[{"damage_healed":0,"gold_gain":75,"player_choice":"Gather Gold","damage_taken":11,"max_hp_gain":0,"max_hp_loss":0,"event_name":"World of Goop","floor":2,"gold_loss":0},{"cards_removed":["Heel Hook"],"damage_healed":53,"gold_gain":0,"player_choice":"Offered Uncommon","damage_taken":0,"max_hp_gain":0,"max_hp_loss":0,"event_name":"Bonfire Elementals","floor":5,"gold_loss":0}],"is_beta":false,"boss_relics":[{"not_picked":["Black Star","WristBlade"],"picked":"Astrolabe"}],"items_purged_floors":[4,21],"is_endless":false,"potions_floor_spawned":[1,3,11,14,18,20,24],"killed_by":"Book of Stabbing","ascension_level":20}