{"gold_per_floor":[113,113,113,113,133,466,483,483,483,500,514,549,549,561,561,639,639,650,326,340,340,340,340,374,374,399,85,119,219,17,35,35,107,107,126,146,171,184,198,225,225,225,248,248,260,27,27,0,0,0,0,0,0,35,35],"floor_reached":56,"playtime":2142,"items_purged":["Defend_P","Strike_P+1","Defend_P","Strike_P+1"],"score":2211,"play_id":"6ee9d0dd-53ae-4df2-9302-65d031cff191","local_time":"20240527205922","is_ascension_mode":true,"campfire_choices":[{"data":"Eruption","floor":8.0,"key":"SMITH"},{"floor":15,"key":"REST"},{"floor":23,"key":"REST"},{"floor":25,"key":"REST"},{"data":"MentalFortress","floor":32,"key":"SMITH"},{"data":"Vault","floor":41,"key":"SMITH"},{"floor":44,"key":"RECALL"},{"data":"MentalFortress","floor":47,"key":"SMITH"},{"data":"EmptyMind","floor":49,"key":"SMITH"},{"data":"Wallop","floor":52,"key":"SMITH"}],"neow_cost":"NONE","seed_source_timestamp":10904851533300,"circlet_count":0,"master_deck":["AscendersBane","Defend_P","Eruption+1","Vigilance","CrushJoints+1","BowlingBash","EmptyFist+1","Adaptation+1","Wallop+1","InnerPeace","Vault+1","EmptyMind+1","MentalFortress+1","MentalFortress+1"],"special_seed":0,"relics":["PureWater","NeowsBlessing","Old Coin","Anchor","Runic Pyramid","Omamori","Whetstone","Ancient Tea Set","MealTicket","Damaru","GoldenEye","Matryoshka","Coffee Dripper","Calipers","Oddly Smooth Stone","Nunchaku","Potion Belt","Red Mask","Pen Nib"],"potions_floor_usage":[12,12,16,28,29,40,54,55],"damage_taken":[{"damage":0.0,"enemies":"Cultist","floor":1.0,"turns":1.0},{"damage":0.0,"enemies":"2 Louse","floor":5.0,"turns":1.0},{"damage":0.0,"enemies":"Gremlin Nob","floor":6.0,"turns":1.0},{"damage":0.0,"enemies":"Small Slimes","floor":7.0,"turns":2.0},{"damage":1.0,"enemies":"Red Slaver","floor":10.0,"turns":2.0},{"damage":7.0,"enemies":"Looter","floor":11.0,"turns":4.0},{"damage":0,"enemies":"Lagavulin","floor":12,"turns":4},{"damage":14,"enemies":"Large Slime","floor":14,"turns":5},{"damage":37,"enemies":"The Guardian","floor":16,"turns":14},{"damage":13,"enemies":"Spheric Guardian","floor":18,"turns":4},{"damage":8,"enemies":"Shell Parasite","floor":20,"turns":4},{"damage":30,"enemies":"Gremlin Leader","floor":24,"turns":7},{"damage":5,"enemies":"Book of Stabbing","floor":28,"turns":5},{"damage":4,"enemies":"Colosseum Slavers","floor":29,"turns":4},{"damage":0,"enemies":"Colosseum Nobs","floor":29,"turns":3},{"damage":0,"enemies":"Cultist and Chosen","floor":31,"turns":5},{"damage":3,"enemies":"Collector","floor":33,"turns":4},{"damage":6,"enemies":"3 Shapes","floor":35,"turns":4},{"damage":0,"enemies":"3 Darklings","floor":36,"turns":4},{"damage":0,"enemies":"Mind Bloom Boss Battle","floor":37,"turns":4},{"damage":0,"enemies":"Writhing Mass","floor":38,"turns":4},{"damage":0,"enemies":"Maw","floor":39,"turns":4},{"damage":3,"enemies":"Nemesis","floor":40,"turns":4},{"damage":0,"enemies":"4 Shapes","floor":45,"turns":4},{"damage":0,"enemies":"Time Eater","floor":50,"turns":10},{"damage":0,"enemies":"Shield and Spear","floor":54,"turns":8},{"damage":1,"enemies":"The Heart","floor":55,"turns":10}],"seed_played":"-4850890304567075889","potions_obtained":[{"floor":5.0,"key":"StancePotion"},{"floor":6.0,"key":"SpeedPotion"},{"floor":10.0,"key":"Swift Potion"},{"floor":14,"key":"Strength Potion"},{"floor":28,"key":"FearPotion"},{"floor":35,"key":"PowerPotion"},{"floor":38,"key":"Weak Potion"},{"floor":54,"key":"Strength Potion"}],"is_trial":false,"path_per_floor":["M","?","?","?","M","E","M","R","T","M","M","E","?","M","R","B",null,"M","$","M","?","?","R","E","R","T","$","E","?","$","M","R","B",null,"M","M","?","M","M","E","R","?","T","R","M","$","R","?","R","B",null,"R","$","E","B",null],"character_chosen":"WATCHER","basemod:card_modifiers":[null,null,null,null,null,null,null,null,null,null,null,null,null,null],"items_purchased":["InnerPeace","Omamori","ColorlessPotion","MealTicket","MentalFortress","GamblersBrew"],"campfire_rested":3,"item_purchase_floors":[19,19,27,27,30,46],"current_hp_per_floor":[61,41,41,41,41,41,41,41,41,40,33,33,33,19,39,2,52,39,39,31,31,31,51,21,41,41,41,36,32,47,47,47,44,62,56,56,56,56,56,53,53,53,53,53,53,68,68,68,68,68,68,68,68,68,67],"gold":35,"neow_bonus":"THREE_ENEMY_KILL","is_prod":false,"is_daily":false,"chose_seed":false,"campfire_upgraded":6,"win_rate":0,"timestamp":1716811162,"path_taken":["M","?","?","?","M","E","?","R","T","M","M","E","?","M","R","BOSS","M","$","M","?","?","R","E","R","T","$","E","?","$","M","R","BOSS","M","M","?","M","M","E","R","?","T","R","?","$","R","?","R","BOSS","R","$","E","BOSS"],"build_version":"2022-12-18","purchased_purges":4,"victory":true,"max_hp_per_floor":[68,68,68,68,68,68,68,68,68,68,68,68,68,68,68,68,68,68,68,68,68,68,68,68,68,68,68,68,68,68,68,68,68,68,68,68,68,68,68,68,68,68,68,68,68,68,68,68,68,68,68,68,68,68,68],"relic_stats":{"Nunchaku":[10],"Matryoshka":1,"Calipers":[3103],"counters":[27,126],"MealTicket":30,"Pen Nib":[3],"Omamori":0,"Whetstone":["EmptyFist","CrushJoints"],"PureWater":[24],"Ancient Tea Set":[8],"GoldenEye":[0],"obtain_stats":[{"Potion Belt":43,"Calipers":37,"NeowsBlessing":0,"Damaru":28,"Oddly Smooth Stone":40,"Pen Nib":54,"Omamori":19,"Whetstone":24,"Ancient Tea Set":26,"GoldenEye":29,"Old Coin":6,"Anchor":12,"Nunchaku":43,"Matryoshka":29,"MealTicket":27,"Coffee Dripper":34,"Red Mask":48,"PureWater":0,"Runic Pyramid":17},{"Potion Belt":23,"Calipers":20,"NeowsBlessing":0,"Damaru":13,"Oddly Smooth Stone":23,"Pen Nib":26,"Omamori":10,"Whetstone":12,"Ancient Tea Set":12,"GoldenEye":15,"Old Coin":3,"Anchor":7,"Nunchaku":23,"Matryoshka":15,"MealTicket":12,"Coffee Dripper":17,"Red Mask":24,"PureWater":0,"Runic Pyramid":9},{"Potion Belt":94,"Calipers":82,"NeowsBlessing":0,"Damaru":54,"Oddly Smooth Stone":94,"Pen Nib":116,"Omamori":38,"Whetstone":49,"Ancient Tea Set":49,"GoldenEye":61,"Old Coin":3,"Anchor":15,"Nunchaku":94,"Matryoshka":61,"MealTicket":49,"Coffee Dripper":70,"Red Mask":98,"PureWater":0,"Runic Pyramid":34}]},"card_choices":[{"not_picked":["Protect","Pray"],"picked":"CrushJoints","floor":1.0},{"not_picked":["Worship","WindmillStrike","BowlingBash"],"picked":"SKIP","floor":5.0},{"not_picked":["Consecrate","BowlingBash","ThirdEye"],"picked":"SKIP","floor":6.0},{"not_picked":["Pray","Nirvana","FollowUp"],"picked":"SKIP","floor":7.0},{"not_picked":["Pray","Nirvana","FollowUp"],"picked":"SKIP","floor":7.0},{"not_picked":["Prostrate","Protect","CrushJoints"],"picked":"SKIP","floor":10.0},{"not_picked":["Prostrate","Protect","CrushJoints"],"picked":"SKIP","floor":10.0},{"not_picked":["SashWhip","Indignation","JustLucky"],"picked":"SKIP","floor":11.0},{"not_picked":["SandsOfTime","Study"],"picked":"EmptyFist","floor":12},{"not_picked":["FlurryOfBlows","Evaluate"],"picked":"Adaptation","floor":14},{"not_picked":["FlyingSleeves","Prostrate"],"picked":"Wallop","floor":18},{"not_picked":["CrushJoints","ThirdEye","JustLucky+1"],"picked":"SKIP","floor":20},{"not_picked":["EmptyBody","Halt"],"picked":"Vault","floor":24},{"not_picked":["BowlingBash+1","ThirdEye","Meditate"],"picked":"SKIP","floor":28},{"not_picked":["SashWhip","PathToVictory+1"],"picked":"EmptyMind","floor":29},{"not_picked":["Wallop","FollowUp","FlyingSleeves"],"picked":"SKIP","floor":31},{"not_picked":["Crescendo","WheelKick","JustLucky"],"picked":"SKIP","floor":35},{"not_picked":["BowlingBash","FlyingSleeves+1","Prostrate"],"picked":"SKIP","floor":36},{"not_picked":["ClearTheMind+1","CutThroughFate+1","DeceiveReality+1"],"picked":"SKIP","floor":38},{"not_picked":["Consecrate","Wireheading","Perseverance"],"picked":"SKIP","floor":39},{"not_picked":["Crescendo+1","JustLucky+1","FollowUp+1"],"picked":"SKIP","floor":40},{"not_picked":["Evaluate","ConjureBlade"],"picked":"MentalFortress","floor":45},{"not_picked":["PathToVictory","SashWhip","FollowUp+1"],"picked":"SKIP","floor":54}],"player_experience":716360,"relics_obtained":[{"floor":6.0,"key":"Old Coin"},{"floor":12,"key":"Anchor"},{"floor":24,"key":"Whetstone"},{"floor":26,"key":"Ancient Tea Set"},{"floor":28,"key":"Damaru"},{"floor":29,"key":"GoldenEye"},{"floor":29,"key":"Matryoshka"},{"floor":37,"key":"Calipers"},{"floor":40,"key":"Oddly Smooth Stone"},{"floor":43,"key":"Nunchaku"},{"floor":43,"key":"Potion Belt"},{"floor":54,"key":"Pen Nib"}],"event_choices":[{"damage_healed":0.0,"max_hp_gain":0.0,"max_hp_loss":0.0,"gold_gain":0.0,"event_name":"Shining Light","player_choice":"Entered Light","floor":2.0,"gold_loss":0.0,"damage_taken":20.0,"cards_upgraded":["Strike_P","Strike_P"]},{"damage_healed":0.0,"max_hp_gain":0.0,"max_hp_loss":0.0,"gold_gain":0.0,"event_name":"Liars Game","player_choice":"Ignored","floor":3.0,"gold_loss":0.0,"damage_taken":0.0},{"damage_healed":0.0,"max_hp_gain":0.0,"max_hp_loss":0.0,"gold_gain":0.0,"cards_transformed":["Strike_P"],"event_name":"Transmorgrifier","player_choice":"Transformed","floor":4.0,"gold_loss":0.0,"damage_taken":0.0,"cards_obtained":["BowlingBash"]},{"cards_removed":["Strike_P"],"damage_healed":0,"gold_gain":0,"player_choice":"Forget","damage_taken":0,"max_hp_gain":0,"max_hp_loss":0,"event_name":"Living Wall","floor":13,"gold_loss":0},{"cards_removed":["Defend_P"],"damage_healed":0,"gold_gain":0,"player_choice":"Elegance","damage_taken":0,"max_hp_gain":0,"max_hp_loss":0,"event_name":"Back to Basics","floor":21,"gold_loss":0},{"damage_healed":0,"gold_gain":0,"player_choice":"Ignored","damage_taken":0,"max_hp_gain":0,"max_hp_loss":0,"event_name":"Vampires","floor":22,"gold_loss":0},{"damage_healed":0,"gold_gain":0,"player_choice":"Fight","damage_taken":0,"max_hp_gain":0,"max_hp_loss":0,"event_name":"Colosseum","floor":29,"gold_loss":0},{"damage_healed":0,"gold_gain":0,"player_choice":"Fought Nobs","damage_taken":0,"max_hp_gain":0,"max_hp_loss":0,"event_name":"Colosseum","floor":29,"gold_loss":0},{"damage_healed":0,"gold_gain":0,"player_choice":"Fight","damage_taken":0,"max_hp_gain":0,"max_hp_loss":0,"event_name":"MindBloom","floor":37,"gold_loss":0},{"damage_healed":0,"gold_gain":0,"player_choice":"Forge","damage_taken":0,"max_hp_gain":0,"max_hp_loss":0,"event_name":"Accursed Blacksmith","floor":42,"gold_loss":0,"cards_upgraded":["Adaptation"]},{"damage_healed":0,"gold_gain":0,"player_choice":"Paid","damage_taken":0,"relics_obtained":["Red Mask"],"max_hp_gain":0,"max_hp_loss":0,"event_name":"Tomb of Lord Red Mask","floor":48,"gold_loss":27}],"is_beta":false,"boss_relics":[{"not_picked":["Fusion Hammer","SacredBark"],"picked":"Runic Pyramid"},{"not_picked":["Runic Dome","Calling Bell"],"picked":"Coffee Dripper"}],"items_purged_floors":[19,27,30,46],"is_endless":false,"potions_floor_spawned":[5,6,10,11,14,28,29,35,38,54],"ascension_level":16}