{"gold_per_floor":[116,76,87,97,115,115,131,160,160,193,219,63,63,90,90,173,173,191,209,219,219,231,231,281,314,314,334,360,372,384,79,79,156,156,172,192,14,27,52,52,52,52,52,77,77,94,94,109,109,109],"floor_reached":50,"playtime":1935,"items_purged":["Strike_P","Defend_P","Strike_P"],"score":1062,"play_id":"66a91911-af7e-4134-9b7e-9b80eeed5b46","local_time":"20240526151947","is_ascension_mode":true,"campfire_choices":[{"data":"Eruption","floor":6.0,"key":"SMITH"},{"data":"MentalFortress","floor":13.0,"key":"SMITH"},{"data":"EmptyMind","floor":15.0,"key":"SMITH"},{"floor":23.0,"key":"REST"},{"floor":32,"key":"REST"},{"floor":40,"key":"RECALL"},{"data":"Adaptation","floor":42,"key":"SMITH"},{"data":"InnerPeace","floor":45,"key":"SMITH"},{"data":"TalkToTheHand","floor":49,"key":"SMITH"}],"neow_cost":"PERCENT_DAMAGE","seed_source_timestamp":1610720387400,"circlet_count":0,"master_deck":["AscendersBane","Defend_P","Defend_P","Defend_P","Eruption+1","Vigilance","BowlingBash","InnerPeace+1","Tantrum+1","BattleHymn+1","MentalFortress+1","EmptyMind+1","EmptyFist+1","Vault+1","Nirvana+1","Crescendo+1","Adaptation+1","LessonLearned+1","TalkToTheHand+1"],"special_seed":0,"relics":["PureWater","Torii","CeramicFish","Pantograph","Mango","Runic Dome","Eternal Feather","FossilizedHelix","InkBottle","Runic Pyramid","Thread and Needle","Vajra","Mummified Hand"],"potions_floor_usage":[33,36,48],"damage_taken":[{"damage":0.0,"enemies":"2 Louse","floor":1.0,"turns":4.0},{"damage":0.0,"enemies":"Cultist","floor":3.0,"turns":2.0},{"damage":0.0,"enemies":"Small Slimes","floor":4.0,"turns":2.0},{"damage":11.0,"enemies":"Blue Slaver","floor":5.0,"turns":3.0},{"damage":0.0,"enemies":"Large Slime","floor":7.0,"turns":3.0},{"damage":0.0,"enemies":"Lagavulin","floor":8.0,"turns":3.0},{"damage":11.0,"enemies":"3 Sentries","floor":10.0,"turns":4.0},{"damage":2.0,"enemies":"Red Slaver","floor":11.0,"turns":4.0},{"damage":2.0,"enemies":"Blue Slaver","floor":14.0,"turns":4.0},{"damage":6.0,"enemies":"Hexaghost","floor":16.0,"turns":7.0},{"damage":7.0,"enemies":"Shell Parasite","floor":18.0,"turns":4.0},{"damage":7.0,"enemies":"2 Thieves","floor":20.0,"turns":5.0},{"damage":10.0,"enemies":"Centurion and Healer","floor":22.0,"turns":4.0},{"damage":11.0,"enemies":"Gremlin Leader","floor":25.0,"turns":8.0},{"damage":13.0,"enemies":"Shelled Parasite and Fungi","floor":27.0,"turns":4.0},{"damage":26.0,"enemies":"Book of Stabbing","floor":28.0,"turns":6.0},{"damage":12.0,"enemies":"Chosen and Byrds","floor":29.0,"turns":4.0},{"damage":0.0,"enemies":"Centurion and Healer","floor":30.0,"turns":5.0},{"damage":24,"enemies":"Collector","floor":33,"turns":11},{"damage":55,"enemies":"3 Darklings","floor":35,"turns":5},{"damage":0,"enemies":"Orb Walker","floor":36,"turns":3},{"damage":0,"enemies":"3 Darklings","floor":38,"turns":5},{"damage":0,"enemies":"Mind Bloom Boss Battle","floor":39,"turns":5},{"damage":0,"enemies":"Giant Head","floor":44,"turns":7},{"damage":0,"enemies":"Sphere and 2 Shapes","floor":46,"turns":4},{"damage":4,"enemies":"4 Shapes","floor":48,"turns":4},{"damage":87,"enemies":"Time Eater","floor":50,"turns":11}],"seed_played":"-1833266854053855122","potions_obtained":[{"floor":2.0,"key":"StancePotion"},{"floor":2.0,"key":"FearPotion"},{"floor":7.0,"key":"AttackPotion"},{"floor":11.0,"key":"EssenceOfSteel"},{"floor":14.0,"key":"Regen Potion"},{"floor":25.0,"key":"Dexterity Potion"},{"floor":35,"key":"Swift Potion"},{"floor":36,"key":"Explosive Potion"},{"floor":39,"key":"Fire Potion"}],"is_trial":false,"path_per_floor":["M","?","M","M","M","R","M","E","T","E","M","$","R","M","R","B",null,"M","?","M","?","M","R","?","E","T","M","E","M","M","$","R","B",null,"M","M","$","M","?","R","$","R","T","E","R","M","?","M","R","B"],"character_chosen":"WATCHER","basemod:card_modifiers":[null,null,null,null,null,null,null,null,null,null,null,null,null,null,null,null,null,null,null],"items_purchased":["EmptyMind","Adaptation","LessonLearned","BlessingOfTheForge","Block Potion"],"campfire_rested":2,"item_purchase_floors":[12,31,31,31,37],"current_hp_per_floor":[43,43,43,43,32,32,32,32,32,35,33,33,33,31,31,50,74,67,67,60,36,38,64,64,53,53,40,14,2,2,2,37,38,75,20,20,20,20,45,54,54,63,63,63,72,72,72,68,77,0],"gold":109,"neow_bonus":"ONE_RARE_RELIC","is_prod":false,"is_daily":false,"chose_seed":false,"campfire_upgraded":6,"win_rate":0,"timestamp":1716704387,"path_taken":["M","?","M","?","M","R","M","E","T","E","M","$","R","M","R","BOSS","M","?","M","?","M","R","?","E","T","M","E","M","?","$","R","BOSS","M","M","$","M","?","R","$","R","T","E","R","M","?","M","R","BOSS"],"build_version":"2022-12-18","purchased_purges":3,"victory":false,"max_hp_per_floor":[68,68,68,68,68,68,68,68,68,82,82,82,82,82,82,82,82,82,82,82,87,87,87,87,87,87,87,87,87,87,87,87,87,87,87,87,87,87,87,87,87,87,87,87,87,87,87,87,87,87],"relic_stats":{"Torii":40,"counters":[27,131],"Mummified Hand":[9],"CeramicFish":81,"Pantograph":85,"Eternal Feather":45,"PureWater":[21],"obtain_stats":[{"Torii":0,"CeramicFish":8,"Vajra":44,"Mango":10,"Eternal Feather":25,"Thread and Needle":39,"Runic Dome":17,"Mummified Hand":47,"Pantograph":9,"PureWater":0,"FossilizedHelix":26,"InkBottle":28,"Runic Pyramid":34},{"Torii":0,"CeramicFish":6,"Vajra":24,"Mango":7,"Eternal Feather":14,"Thread and Needle":23,"Runic Dome":10,"Mummified Hand":25,"Pantograph":6,"PureWater":0,"FossilizedHelix":14,"InkBottle":16,"Runic Pyramid":19},{"Torii":0,"CeramicFish":17,"Vajra":112,"Mango":21,"Eternal Feather":57,"Thread and Needle":105,"Runic Dome":36,"Mummified Hand":116,"Pantograph":17,"PureWater":0,"FossilizedHelix":57,"InkBottle":67,"Runic Pyramid":87}],"FossilizedHelix":[72],"InkBottle":[31]},"card_choices":[{"not_picked":["JustLucky","Wireheading"],"picked":"BowlingBash","floor":1.0},{"not_picked":["FlurryOfBlows","ClearTheMind"],"picked":"InnerPeace","floor":3.0},{"not_picked":["PathToVictory","Evaluate"],"picked":"Tantrum","floor":4.0},{"not_picked":["Wish","ClearTheMind","CutThroughFate"],"picked":"SKIP","floor":5.0},{"not_picked":["FlyingSleeves","SandsOfTime"],"picked":"BattleHymn","floor":7.0},{"not_picked":["PathToVictory","CutThroughFate","ThirdEye"],"picked":"SKIP","floor":8.0},{"not_picked":["WheelKick","FlurryOfBlows","EmptyBody"],"picked":"SKIP","floor":10.0},{"not_picked":["Ragnarok","ClearTheMind"],"picked":"MentalFortress","floor":11.0},{"not_picked":["ClearTheMind","SashWhip"],"picked":"EmptyFist","floor":14.0},{"not_picked":["Brilliance","DevaForm"],"picked":"Vault","floor":16.0},{"not_picked":["Swivel","FlurryOfBlows","Consecrate+1"],"picked":"SKIP","floor":18.0},{"not_picked":["CrushJoints","EmptyBody+1","FollowUp"],"picked":"SKIP","floor":20.0},{"not_picked":["Tantrum","Prostrate","Conclude"],"picked":"SKIP","floor":22.0},{"not_picked":["Pray","CutThroughFate","Study"],"picked":"SKIP","floor":25.0},{"not_picked":["SashWhip","WheelKick","PathToVictory"],"picked":"SKIP","floor":27.0},{"not_picked":["ReachHeaven","WindmillStrike","CutThroughFate"],"picked":"SKIP","floor":28.0},{"not_picked":["EmptyBody","FlurryOfBlows","FlyingSleeves"],"picked":"SKIP","floor":29.0},{"not_picked":["Vengeance+1","Meditate","Crescendo"],"picked":"SKIP","floor":30.0},{"not_picked":["ThirdEye","Sanctity+1","FlyingSleeves"],"picked":"SKIP","floor":35},{"not_picked":["SashWhip","Perseverance"],"picked":"TalkToTheHand","floor":36},{"not_picked":["Crescendo","Tantrum","Wireheading"],"picked":"SKIP","floor":38},{"not_picked":["WreathOfFlame+1","WaveOfTheHand","ForeignInfluence"],"picked":"SKIP","floor":44},{"not_picked":["PathToVictory","Protect+1","ThirdEye"],"picked":"SKIP","floor":46},{"not_picked":["WreathOfFlame","Halt","EmptyFist+1"],"picked":"SKIP","floor":48}],"player_experience":711460,"relics_obtained":[{"floor":8.0,"key":"CeramicFish"},{"floor":9.0,"key":"Pantograph"},{"floor":10.0,"key":"Mango"},{"floor":25.0,"key":"Eternal Feather"},{"floor":26.0,"key":"FossilizedHelix"},{"floor":28.0,"key":"InkBottle"},{"floor":39,"key":"Thread and Needle"},{"floor":44,"key":"Vajra"}],"event_choices":[{"damage_healed":0.0,"max_hp_gain":0.0,"max_hp_loss":0.0,"gold_gain":0.0,"event_name":"The Woman in Blue","player_choice":"Bought 3 Potions","floor":2.0,"gold_loss":0.0,"damage_taken":0.0},{"damage_healed":0.0,"max_hp_gain":0.0,"max_hp_loss":0.0,"gold_gain":0.0,"cards_transformed":["Strike_P","Strike_P"],"event_name":"Drug Dealer","player_choice":"Became Test Subject","floor":19.0,"gold_loss":0.0,"damage_taken":0.0,"cards_obtained":["Nirvana","Crescendo"]},{"damage_healed":0.0,"max_hp_gain":5.0,"max_hp_loss":0.0,"gold_gain":0.0,"event_name":"Forgotten Altar","player_choice":"Shed Blood","floor":21.0,"gold_loss":0.0,"damage_taken":29.0},{"damage_healed":0.0,"max_hp_gain":0.0,"max_hp_loss":0.0,"gold_gain":50.0,"event_name":"Golden Shrine","player_choice":"Pray","floor":24.0,"gold_loss":0.0,"damage_taken":0.0},{"damage_healed":0,"gold_gain":0,"player_choice":"Fight","damage_taken":0,"max_hp_gain":0,"max_hp_loss":0,"event_name":"MindBloom","floor":39,"gold_loss":0},{"damage_healed":0,"gold_gain":0,"player_choice":"Gave Potion","damage_taken":0,"relics_obtained":["Mummified Hand"],"max_hp_gain":0,"max_hp_loss":0,"event_name":"WeMeetAgain","floor":47,"gold_loss":0}],"is_beta":false,"boss_relics":[{"not_picked":["Sozu","Busted Crown"],"picked":"Runic Dome"},{"not_picked":["Philosopher\u0027s Stone","Cursed Key"],"picked":"Runic Pyramid"}],"items_purged_floors":[12,31,37],"is_endless":false,"potions_floor_spawned":[4,7,11,14,18,25,35,36,39],"killed_by":"Time Eater","ascension_level":16}