{"gold_per_floor":[360,209,224,224,124,155,155,180,180,145,180,180,105,133,133,209,209,221,221,50,60,70,104,104,131,157,182,182,200,216,216,216,288,288,306,306,306,181,192,225,241,257,257,276,304,304,336,336,336,336,336,336,39,67,67],"floor_reached":55,"playtime":2491,"items_purged":["Strike_P","Strike_P","Pain","Strike_P"],"score":1862,"play_id":"b7fdd982-e19c-4947-96ba-b55a48c60588","local_time":"20240525192552","is_ascension_mode":true,"campfire_choices":[{"data":"Eruption","floor":7,"key":"SMITH"},{"floor":12,"key":"REST"},{"data":"Study","floor":15,"key":"SMITH"},{"data":"Apotheosis","floor":24,"key":"SMITH"},{"floor":28,"key":"RECALL"},{"floor":32,"key":"REST"},{"data":"DeusExMachina","floor":46,"key":"SMITH"},{"data":"Vault","floor":49,"key":"SMITH"},{"floor":52,"key":"REST"}],"neow_cost":"TEN_PERCENT_HP_LOSS","seed_source_timestamp":18894419911300,"circlet_count":0,"master_deck":["AscendersBane","Strike_P","Defend_P","Defend_P","Defend_P","Eruption+1","Vigilance","Tantrum","EmptyMind","FearNoEvil","ForeignInfluence","TalkToTheHand","Study+1","Vault+1","CurseOfTheBell","Apotheosis+1","DeusExMachina+1","Collect","Evaluate","InnerPeace+1","Writhe","Wallop"],"special_seed":0,"relics":["PureWater","Dead Branch","Pantograph","InkBottle","Art of War","Bag of Marbles","Calling Bell","Lantern","Gremlin Horn","CaptainsWheel","Toy Ornithopter","Mercury Hourglass","Regal Pillow","Sundial","Cursed Key","WarpedTongs","Mango","Bronze Scales","Ancient Tea Set","Oddly Smooth Stone","Yang"],"potions_floor_usage":[6,16,50,55,55],"damage_taken":[{"damage":7,"enemies":"Cultist","floor":1,"turns":3},{"damage":0,"enemies":"Jaw Worm","floor":3,"turns":3},{"damage":2,"enemies":"3 Sentries","floor":6,"turns":3},{"damage":20,"enemies":"Lagavulin","floor":8,"turns":6},{"damage":12,"enemies":"3 Sentries","floor":11,"turns":4},{"damage":0,"enemies":"Lagavulin","floor":14,"turns":4},{"damage":0,"enemies":"Slime Boss","floor":16,"turns":5},{"damage":4,"enemies":"Shell Parasite","floor":18,"turns":2},{"damage":7,"enemies":"3 Byrds","floor":21,"turns":3},{"damage":0,"enemies":"Centurion and Healer","floor":22,"turns":4},{"damage":8,"enemies":"Book of Stabbing","floor":23,"turns":6},{"damage":0,"enemies":"Gremlin Leader","floor":25,"turns":5},{"damage":0,"enemies":"Slavers","floor":27,"turns":4},{"damage":16,"enemies":"Snake Plant","floor":29,"turns":4},{"damage":0,"enemies":"Snecko","floor":30,"turns":5},{"damage":4,"enemies":"Automaton","floor":33,"turns":7},{"damage":0,"enemies":"Orb Walker","floor":35,"turns":3},{"damage":0,"enemies":"3 Shapes","floor":39,"turns":4},{"damage":0,"enemies":"Nemesis","floor":40,"turns":4},{"damage":0,"enemies":"Maw","floor":41,"turns":4},{"damage":0,"enemies":"Transient","floor":42,"turns":7},{"damage":0,"enemies":"4 Shapes","floor":44,"turns":4},{"damage":0,"enemies":"Giant Head","floor":45,"turns":5},{"damage":0,"enemies":"Nemesis","floor":47,"turns":4},{"damage":72,"enemies":"Time Eater","floor":50,"turns":11},{"damage":0,"enemies":"Shield and Spear","floor":54,"turns":5},{"damage":83,"enemies":"The Heart","floor":55,"turns":9}],"seed_played":"1134419930432790660","potions_obtained":[{"floor":1,"key":"Explosive Potion"},{"floor":11,"key":"Fire Potion"},{"floor":14,"key":"Regen Potion"},{"floor":23,"key":"Block Potion"},{"floor":42,"key":"StancePotion"},{"floor":54,"key":"Fruit Juice"}],"is_trial":false,"path_per_floor":["M","$","M","?","$","E","R","E","T","?","E","R","$","E","R","B",null,"M","?","$","M","M","E","R","E","T","E","R","M","M","?","R","B",null,"M","?","?","$","M","E","M","M","T","M","E","R","E","?","R","B",null,"R","$","E","B"],"character_chosen":"WATCHER","basemod:card_modifiers":[null,null,null,null,null,null,null,null,null,null,null,null,null,null,null,null,null,null,null,null,null,null],"items_purchased":["EmptyMind","TalkToTheHand","Apotheosis","Oddly Smooth Stone"],"campfire_rested":3,"item_purchase_floors":[2,13,20,53],"current_hp_per_floor":[54,54,54,47,47,45,45,25,25,40,28,46,46,46,46,62,62,58,58,58,51,51,43,43,43,43,43,43,27,27,27,60,58,61,61,59,59,59,59,73,73,73,73,73,73,73,73,73,73,10,57,73,73,73,0],"gold":67,"neow_bonus":"TWO_FIFTY_GOLD","is_prod":false,"is_daily":false,"chose_seed":false,"campfire_upgraded":5,"win_rate":0,"timestamp":1716632752,"path_taken":["M","$","M","?","?","E","R","E","T","?","E","R","?","E","R","BOSS","M","?","$","M","M","E","R","E","T","E","R","M","M","?","R","BOSS","M","?","?","$","M","E","M","?","T","M","E","R","E","?","R","BOSS","R","$","E","BOSS"],"build_version":"2022-12-18","purchased_purges":4,"victory":false,"max_hp_per_floor":[62,62,62,62,62,62,62,62,62,62,62,62,62,62,62,62,62,62,62,62,62,62,62,62,62,62,62,62,62,62,62,62,62,62,62,59,59,59,59,73,73,73,73,73,73,73,73,73,73,73,73,73,73,73,78],"relic_stats":{"Regal Pillow":15,"Gremlin Horn":[16,16],"counters":[27,127],"Dead Branch":[304],"Yang":[23],"Cursed Key":1,"Ancient Tea Set":[4],"Mercury Hourglass":[285],"WarpedTongs":[53],"Sundial":[12],"Pantograph":18,"Bronze Scales":[183],"Art of War":[12],"PureWater":[33],"obtain_stats":[{"Lantern":17,"Regal Pillow":26,"Gremlin Horn":17,"Dead Branch":6,"Oddly Smooth Stone":53,"Mango":40,"Yang":54,"Cursed Key":34,"Ancient Tea Set":47,"Mercury Hourglass":25,"WarpedTongs":37,"Calling Bell":17,"CaptainsWheel":17,"Sundial":27,"Pantograph":8,"Bronze Scales":45,"Art of War":11,"Bag of Marbles":14,"PureWater":0,"InkBottle":9,"Toy Ornithopter":23},{"Lantern":7,"Regal Pillow":12,"Gremlin Horn":7,"Dead Branch":3,"Oddly Smooth Stone":25,"Mango":19,"Yang":26,"Cursed Key":16,"Ancient Tea Set":24,"Mercury Hourglass":12,"WarpedTongs":17,"Calling Bell":7,"CaptainsWheel":7,"Sundial":13,"Pantograph":4,"Bronze Scales":23,"Art of War":5,"Bag of Marbles":6,"PureWater":0,"InkBottle":4,"Toy Ornithopter":11},{"Lantern":28,"Regal Pillow":48,"Gremlin Horn":28,"Dead Branch":9,"Oddly Smooth Stone":113,"Mango":79,"Yang":118,"Cursed Key":68,"Ancient Tea Set":102,"Mercury Hourglass":48,"WarpedTongs":71,"Calling Bell":28,"CaptainsWheel":28,"Sundial":52,"Pantograph":15,"Bronze Scales":98,"Art of War":19,"Bag of Marbles":23,"PureWater":0,"InkBottle":15,"Toy Ornithopter":43}],"InkBottle":[73],"Toy Ornithopter":10},"card_choices":[{"not_picked":["Perseverance","Adaptation"],"picked":"Tantrum","floor":1},{"not_picked":["PathToVictory","CutThroughFate"],"picked":"FearNoEvil","floor":3},{"not_picked":["FlyingSleeves","ClearTheMind"],"picked":"ForeignInfluence","floor":6},{"not_picked":["WindmillStrike","Vengeance","Fasting2"],"picked":"SKIP","floor":8},{"not_picked":["EmptyBody","SandsOfTime","WindmillStrike"],"picked":"SKIP","floor":11},{"not_picked":["Nirvana","Fasting2"],"picked":"Study","floor":14},{"not_picked":["Brilliance","SpiritShield"],"picked":"Vault","floor":16},{"not_picked":["Weave","Crescendo","JustLucky"],"picked":"SKIP","floor":18},{"not_picked":["FlyingSleeves","Wish","Protect"],"picked":"SKIP","floor":21},{"not_picked":["BowlingBash","PathToVictory","CutThroughFate"],"picked":"SKIP","floor":22},{"not_picked":["Establishment","Worship","ClearTheMind"],"picked":"SKIP","floor":23},{"not_picked":["BowlingBash","SignatureMove","FollowUp"],"picked":"SKIP","floor":25},{"not_picked":["CutThroughFate","Prostrate","Consecrate+1"],"picked":"SKIP","floor":27},{"not_picked":["Prostrate","Wireheading","SandsOfTime+1"],"picked":"SKIP","floor":29},{"not_picked":["PathToVictory","Sanctity","Halt"],"picked":"SKIP","floor":30},{"not_picked":["Blasphemy","Wish"],"picked":"DeusExMachina","floor":33},{"not_picked":["JustLucky","CrushJoints+1"],"picked":"Collect","floor":35},{"not_picked":["Collect","BowlingBash"],"picked":"Evaluate","floor":39},{"not_picked":["WaveOfTheHand","Tantrum+1","SashWhip"],"picked":"SKIP","floor":40},{"not_picked":["FollowUp","WheelKick","Evaluate+1"],"picked":"SKIP","floor":41},{"not_picked":["Fasting2+1","Evaluate"],"picked":"InnerPeace+1","floor":42},{"not_picked":["EmptyFist","CrushJoints","SignatureMove"],"picked":"SKIP","floor":44},{"not_picked":["Protect","FollowUp+1","ReachHeaven"],"picked":"SKIP","floor":45},{"not_picked":["SashWhip","WreathOfFlame+1","CarveReality"],"picked":"SKIP","floor":47},{"not_picked":["FollowUp","SignatureMove+1"],"picked":"Wallop","floor":54}],"player_experience":702615,"relics_obtained":[{"floor":6,"key":"Dead Branch"},{"floor":8,"key":"Pantograph"},{"floor":9,"key":"InkBottle"},{"floor":11,"key":"Art of War"},{"floor":14,"key":"Bag of Marbles"},{"floor":17,"key":"Lantern"},{"floor":17,"key":"Gremlin Horn"},{"floor":17,"key":"CaptainsWheel"},{"floor":23,"key":"Toy Ornithopter"},{"floor":25,"key":"Mercury Hourglass"},{"floor":26,"key":"Regal Pillow"},{"floor":27,"key":"Sundial"},{"floor":40,"key":"Mango"},{"floor":45,"key":"Bronze Scales"},{"floor":47,"key":"Ancient Tea Set"},{"floor":54,"key":"Yang"}],"event_choices":[{"cards_removed":["Defend_P"],"damage_healed":0,"gold_gain":0,"player_choice":"Card Removal","damage_taken":7,"max_hp_gain":0,"max_hp_loss":0,"event_name":"Golden Wing","floor":4,"gold_loss":0},{"damage_healed":15,"gold_gain":0,"player_choice":"Healed","damage_taken":0,"max_hp_gain":0,"max_hp_loss":0,"event_name":"The Cleric","floor":10,"gold_loss":35},{"damage_healed":0,"gold_gain":0,"player_choice":"Ignored","damage_taken":0,"max_hp_gain":0,"max_hp_loss":0,"event_name":"Cursed Tome","floor":19,"gold_loss":0},{"damage_healed":0,"gold_gain":0,"player_choice":"Ignored","damage_taken":0,"max_hp_gain":0,"max_hp_loss":0,"event_name":"Vampires","floor":31,"gold_loss":0},{"damage_healed":0,"gold_gain":0,"player_choice":"Max HP","damage_taken":0,"max_hp_gain":0,"max_hp_loss":3,"event_name":"Winding Halls","floor":36,"gold_loss":0},{"damage_healed":0,"gold_gain":0,"player_choice":"Rummage","damage_taken":0,"relics_obtained":["WarpedTongs"],"max_hp_gain":0,"max_hp_loss":0,"event_name":"Accursed Blacksmith","floor":37,"gold_loss":0,"cards_obtained":["Pain"]},{"damage_healed":0,"gold_gain":0,"player_choice":"Memory 1","damage_taken":0,"max_hp_gain":0,"max_hp_loss":0,"event_name":"SensoryStone","floor":48,"gold_loss":0}],"is_beta":false,"boss_relics":[{"not_picked":["Busted Crown","Empty Cage"],"picked":"Calling Bell"},{"not_picked":["Astrolabe","Runic Dome"],"picked":"Cursed Key"}],"items_purged_floors":[2,5,38,53],"is_endless":false,"potions_floor_spawned":[1,11,14,23,25,29,30,33,39,42,45,54],"killed_by":"The Heart","ascension_level":15}