{"gold_per_floor":[117,131,131,144,160,160,190,202,202,202,58,69,104,124,124,198,198,212,225,239,252,27,62,62],"floor_reached":24,"playtime":846,"items_purged":["Strike_P"],"score":380,"play_id":"664f13b7-2786-41cb-978d-bf212f11e3bf","local_time":"20240523212755","is_ascension_mode":true,"campfire_choices":[{"data":"SignatureMove","floor":6,"key":"SMITH"},{"floor":10,"key":"REST"},{"data":"Adaptation","floor":15,"key":"SMITH"}],"neow_cost":"NONE","seed_source_timestamp":13123013554800,"circlet_count":0,"master_deck":["AscendersBane","Strike_P","Strike_P","Strike_P","Defend_P","Defend_P","Defend_P","Defend_P","Eruption+1","Vigilance","SignatureMove+1","FlurryOfBlows","Tantrum","Adaptation+1","Protect","Prostrate","Meditate","Adaptation"],"relics":["PureWater","MealTicket","Oddly Smooth Stone","Singing Bowl","Odd Mushroom","SlaversCollar","TheAbacus"],"potions_floor_usage":[5,14,18,18,18,23,23,24],"damage_taken":[{"damage":2,"enemies":"Cultist","floor":1,"turns":4},{"damage":0,"enemies":"Small Slimes","floor":2,"turns":3},{"damage":2,"enemies":"Jaw Worm","floor":4,"turns":3},{"damage":0,"enemies":"3 Louse","floor":5,"turns":2},{"damage":35,"enemies":"3 Sentries","floor":7,"turns":5},{"damage":5,"enemies":"Red Slaver","floor":8,"turns":2},{"damage":5,"enemies":"Exordium Thugs","floor":12,"turns":3},{"damage":16,"enemies":"Gremlin Nob","floor":13,"turns":3},{"damage":12,"enemies":"The Mushroom Lair","floor":14,"turns":4},{"damage":17,"enemies":"The Guardian","floor":16,"turns":9},{"damage":1,"enemies":"3 Byrds","floor":18,"turns":3},{"damage":2,"enemies":"Shell Parasite","floor":19,"turns":9},{"damage":0,"enemies":"Cultist and Chosen","floor":20,"turns":3},{"damage":4,"enemies":"Sentry and Sphere","floor":21,"turns":3},{"damage":23,"enemies":"Slavers","floor":23,"turns":4},{"damage":42,"enemies":"Snake Plant","floor":24,"turns":6}],"seed_played":"-7668757112998499023","potions_obtained":[{"floor":4,"key":"Energy Potion"},{"floor":5,"key":"Regen Potion"},{"floor":12,"key":"Explosive Potion"},{"floor":13,"key":"EntropicBrew"},{"floor":14,"key":"AttackPotion"},{"floor":19,"key":"Weak Potion"},{"floor":23,"key":"AttackPotion"}],"is_trial":false,"path_per_floor":["M","M","?","M","M","R","E","M","T","R","$","M","E","?","R","B",null,"M","M","M","M","$","E","M"],"character_chosen":"WATCHER","basemod:card_modifiers":[null,null,null,null,null,null,null,null,null,null,null,null,null,null,null,null,null,null],"items_purchased":["Adaptation","Adaptation","TheAbacus"],"campfire_rested":1,"item_purchase_floors":[11,22,22],"current_hp_per_floor":[63,63,63,61,61,61,26,21,21,42,57,52,38,38,38,23,63,62,60,62,60,75,54,12],"gold":62,"neow_bonus":"RANDOM_COMMON_RELIC","is_prod":false,"is_daily":false,"chose_seed":false,"campfire_upgraded":2,"win_rate":0,"timestamp":1716467275,"path_taken":["M","?","?","?","M","R","E","?","T","R","?","M","E","?","R","BOSS","M","M","M","M","$","E","M"],"build_version":"2022-12-18","purchased_purges":1,"victory":false,"max_hp_per_floor":[72,72,72,72,72,72,72,72,72,72,72,72,74,74,74,76,76,76,76,78,80,80,82,82],"relic_stats":{"TheAbacus":[18],"Singing Bowl":10,"counters":[16,66],"MealTicket":30,"PureWater":[9],"obtain_stats":[{"SlaversCollar":17,"TheAbacus":22,"Singing Bowl":13,"Oddly Smooth Stone":7,"MealTicket":0,"PureWater":0,"Odd Mushroom":14},{"SlaversCollar":10,"TheAbacus":14,"Singing Bowl":8,"Oddly Smooth Stone":5,"MealTicket":0,"PureWater":0,"Odd Mushroom":9},{"SlaversCollar":38,"TheAbacus":56,"Singing Bowl":25,"Oddly Smooth Stone":17,"MealTicket":0,"PureWater":0,"Odd Mushroom":29}]},"card_choices":[{"not_picked":["Crescendo","Collect","SashWhip"],"picked":"SKIP","floor":1},{"not_picked":["FlurryOfBlows","Halt"],"picked":"SignatureMove","floor":2},{"not_picked":["WaveOfTheHand","Prostrate","JustLucky"],"picked":"SKIP","floor":4},{"not_picked":["ClearTheMind","Nirvana"],"picked":"FlurryOfBlows","floor":5},{"not_picked":["Perseverance","ForeignInfluence"],"picked":"Tantrum","floor":7},{"not_picked":["FollowUp","CutThroughFate","WindmillStrike"],"picked":"SKIP","floor":8},{"not_picked":["CrushJoints","WreathOfFlame","Sanctity"],"picked":"SKIP","floor":12},{"not_picked":["BowlingBash","Evaluate","WreathOfFlame"],"picked":"Singing Bowl","floor":13},{"not_picked":["ForeignInfluence","PathToVictory"],"picked":"Protect","floor":14},{"not_picked":["MasterReality","Brilliance","Ragnarok"],"picked":"Singing Bowl","floor":16},{"not_picked":["Vengeance","Conclude"],"picked":"Prostrate","floor":18},{"not_picked":["Study","ClearTheMind"],"picked":"Meditate","floor":19},{"not_picked":["WindmillStrike","Wireheading","CutThroughFate"],"picked":"Singing Bowl","floor":20},{"not_picked":["FollowUp","Tantrum","Collect"],"picked":"Singing Bowl","floor":21},{"not_picked":["CrushJoints","Crescendo","Indignation"],"picked":"Singing Bowl","floor":23}],"player_experience":692063,"relics_obtained":[{"floor":7,"key":"Oddly Smooth Stone"},{"floor":13,"key":"Singing Bowl"},{"floor":14,"key":"Odd Mushroom"}],"event_choices":[{"damage_healed":0,"gold_gain":0,"player_choice":"Upgraded","damage_taken":0,"max_hp_gain":0,"max_hp_loss":0,"event_name":"Upgrade Shrine","floor":3,"gold_loss":0,"cards_upgraded":["Eruption"]},{"damage_healed":0,"gold_gain":0,"player_choice":"Fought Mushrooms","damage_taken":0,"max_hp_gain":0,"max_hp_loss":0,"event_name":"Mushrooms","floor":14,"gold_loss":0}],"is_beta":false,"boss_relics":[{"not_picked":["Sozu","Fusion Hammer"],"picked":"SlaversCollar"}],"items_purged_floors":[11],"is_endless":false,"potions_floor_spawned":[4,5,12,13,14,19,21,23],"killed_by":"Snake Plant","ascension_level":13}