{"gold_per_floor":[113,125,175,23,75,75,108,124,149,165,179,205,205,222,222,296,296,314,314,314,325,106,135,135,165,165,197,197,247,280,299,299,299],"floor_reached":33,"playtime":909,"items_purged":["Strike_P","Defend_P"],"score":689,"play_id":"d2c46b9c-c434-4626-b2bf-a7fd0a3100f4","local_time":"20240526144711","is_ascension_mode":true,"campfire_choices":[{"data":"Eruption","floor":6.0,"key":"SMITH"},{"data":"EmptyMind","floor":15.0,"key":"SMITH"},{"data":"EmptyFist","floor":24.0,"key":"SMITH"},{"floor":28.0,"key":"REST"},{"floor":32.0,"key":"REST"}],"neow_cost":"NONE","seed_source_timestamp":563378698400,"circlet_count":0,"master_deck":["AscendersBane","Strike_P","Strike_P","Defend_P","Defend_P","Defend_P","Eruption+1","Vigilance","EmptyMind+1","EmptyFist+1","WheelKick+1","Tantrum+1","FearNoEvil","CutThroughFate","EmptyMind","Halt"],"special_seed":0,"relics":["PureWater","Happy Flower","Art of War","Omamori","Whetstone","InkBottle","Cursed Key","Membership Card","Boot","Bronze Scales","Calipers","CloakClasp","Centennial Puzzle"],"potions_floor_usage":[],"damage_taken":[{"damage":7.0,"enemies":"Small Slimes","floor":1.0,"turns":4.0},{"damage":1.0,"enemies":"Cultist","floor":2.0,"turns":3.0},{"damage":14.0,"enemies":"3 Sentries","floor":7.0,"turns":6.0},{"damage":0.0,"enemies":"Jaw Worm","floor":8.0,"turns":1.0},{"damage":2.0,"enemies":"Lots of Slimes","floor":10.0,"turns":3.0},{"damage":0.0,"enemies":"Large Slime","floor":11.0,"turns":5.0},{"damage":5.0,"enemies":"Gremlin Nob","floor":12.0,"turns":3.0},{"damage":3.0,"enemies":"Blue Slaver","floor":14.0,"turns":2.0},{"damage":0.0,"enemies":"Slime Boss","floor":16.0,"turns":2.0},{"damage":0.0,"enemies":"3 Byrds","floor":18.0,"turns":3.0},{"damage":0.0,"enemies":"Chosen","floor":21.0,"turns":3.0},{"damage":22.0,"enemies":"Slavers","floor":23.0,"turns":4.0},{"damage":30.0,"enemies":"Book of Stabbing","floor":25.0,"turns":3.0},{"damage":7.0,"enemies":"Slavers","floor":27.0,"turns":3.0},{"damage":9.0,"enemies":"Book of Stabbing","floor":30.0,"turns":3.0},{"damage":0.0,"enemies":"Centurion and Healer","floor":31.0,"turns":4.0},{"damage":62,"enemies":"Champ","floor":33,"turns":8}],"seed_played":"1640224887000847271","potions_obtained":[{"floor":1.0,"key":"Regen Potion"},{"floor":8.0,"key":"BottledMiracle"},{"floor":10.0,"key":"StancePotion"},{"floor":12.0,"key":"SteroidPotion"},{"floor":18.0,"key":"FearPotion"},{"floor":21.0,"key":"Block Potion"},{"floor":23.0,"key":"Regen Potion"},{"floor":27.0,"key":"StancePotion"}],"is_trial":false,"path_per_floor":["M","M","?","$","T","R","E","M","T","M","M","E","?","M","R","B",null,"M","?","?","M","$","E","R","E","T","E","R","?","E","M","R","B"],"character_chosen":"WATCHER","basemod:card_modifiers":[null,null,null,null,null,null,null,null,null,null,null,null,null,null,null,null],"items_purchased":["WheelKick","Membership Card"],"campfire_rested":2,"item_purchase_floors":[4,22],"current_hp_per_floor":[54,53,53,53,53,53,39,39,39,37,37,32,32,29,29,29,58,58,58,68,68,68,46,46,21,21,14,34,34,25,25,45,0],"gold":299,"neow_bonus":"RANDOM_COMMON_RELIC","is_prod":false,"is_daily":false,"chose_seed":false,"campfire_upgraded":3,"win_rate":0,"timestamp":1716702431,"path_taken":["M","M","?","?","?","R","E","?","T","M","M","E","?","M","R","BOSS","M","?","?","?","$","E","R","E","T","E","R","?","E","M","R","BOSS"],"build_version":"2022-12-18","purchased_purges":2,"victory":false,"max_hp_per_floor":[68,68,68,68,68,68,68,68,68,68,68,68,68,68,68,68,68,68,68,68,68,68,68,68,68,68,68,68,68,68,68,68,68],"relic_stats":{"Calipers":[1],"Happy Flower":[20],"counters":[17,60],"Omamori":1,"CloakClasp":[47],"Whetstone":["Tantrum","WheelKick"],"Cursed Key":1,"Boot":[102],"Centennial Puzzle":[3],"Bronze Scales":[39],"Art of War":[4],"Membership Card":50,"PureWater":[13],"obtain_stats":[{"Calipers":26,"Happy Flower":0,"Omamori":7,"CloakClasp":27,"Whetstone":9,"Cursed Key":17,"Boot":23,"Centennial Puzzle":30,"Bronze Scales":25,"Art of War":5,"Membership Card":22,"PureWater":0,"InkBottle":12},{"Calipers":13,"Happy Flower":0,"Omamori":3,"CloakClasp":14,"Whetstone":4,"Cursed Key":9,"Boot":12,"Centennial Puzzle":15,"Bronze Scales":13,"Art of War":2,"Membership Card":11,"PureWater":0,"InkBottle":7},{"Calipers":42,"Happy Flower":0,"Omamori":13,"CloakClasp":45,"Whetstone":14,"Cursed Key":29,"Boot":39,"Centennial Puzzle":48,"Bronze Scales":42,"Art of War":7,"Membership Card":35,"PureWater":0,"InkBottle":25}],"InkBottle":[15]},"card_choices":[{"not_picked":["Swivel","Crescendo"],"picked":"EmptyMind","floor":1.0},{"not_picked":["CutThroughFate","Crescendo"],"picked":"EmptyFist","floor":2.0},{"not_picked":["CarveReality","EmptyFist"],"picked":"Tantrum","floor":7.0},{"not_picked":["JustLucky","Worship","CrushJoints"],"picked":"SKIP","floor":8.0},{"not_picked":["PathToVictory","Sanctity","Wireheading"],"picked":"SKIP","floor":10.0},{"not_picked":["Evaluate","Protect"],"picked":"FearNoEvil","floor":11.0},{"not_picked":["Wish","FlurryOfBlows","ReachHeaven"],"picked":"SKIP","floor":12.0},{"not_picked":["Protect","EmptyBody","PathToVictory"],"picked":"SKIP","floor":14.0},{"not_picked":["Prostrate","EmptyBody","SignatureMove"],"picked":"SKIP","floor":18.0},{"not_picked":["SashWhip","BowlingBash","Crescendo+1"],"picked":"SKIP","floor":21.0},{"not_picked":["Worship","WindmillStrike","FlurryOfBlows"],"picked":"SKIP","floor":23.0},{"not_picked":["Collect","Protect+1"],"picked":"CutThroughFate","floor":25.0},{"not_picked":["CrushJoints","CarveReality"],"picked":"EmptyMind","floor":27.0},{"not_picked":["Evaluate","CutThroughFate","FollowUp+1"],"picked":"SKIP","floor":30.0},{"not_picked":["EmptyMind","LikeWater"],"picked":"Halt","floor":31.0}],"player_experience":710551,"relics_obtained":[{"floor":5.0,"key":"Art of War"},{"floor":7.0,"key":"Omamori"},{"floor":9.0,"key":"Whetstone"},{"floor":12.0,"key":"InkBottle"},{"floor":23.0,"key":"Boot"},{"floor":25.0,"key":"Bronze Scales"},{"floor":26.0,"key":"Calipers"},{"floor":27.0,"key":"CloakClasp"},{"floor":30.0,"key":"Centennial Puzzle"}],"event_choices":[{"damage_healed":0.0,"max_hp_gain":0.0,"max_hp_loss":0.0,"gold_gain":50.0,"event_name":"Golden Shrine","player_choice":"Pray","floor":3.0,"gold_loss":0.0,"damage_taken":0.0},{"damage_healed":0.0,"max_hp_gain":0.0,"max_hp_loss":0.0,"gold_gain":0.0,"event_name":"Liars Game","player_choice":"Ignored","floor":13.0,"gold_loss":0.0,"damage_taken":0.0},{"cards_removed":["Strike_P"],"damage_healed":0.0,"max_hp_gain":0.0,"max_hp_loss":0.0,"gold_gain":0.0,"event_name":"Back to Basics","player_choice":"Elegance","floor":19.0,"gold_loss":0.0,"damage_taken":0.0},{"damage_healed":10.0,"max_hp_gain":0.0,"max_hp_loss":0.0,"gold_gain":0.0,"event_name":"Wheel of Change","player_choice":"Full Heal","floor":20.0,"gold_loss":0.0,"damage_taken":0.0},{"damage_healed":0.0,"max_hp_gain":0.0,"max_hp_loss":0.0,"gold_gain":50.0,"event_name":"Nest","player_choice":"Stole From Cult","floor":29.0,"gold_loss":0.0,"damage_taken":0.0}],"is_beta":false,"boss_relics":[{"not_picked":["Fusion Hammer","Coffee Dripper"],"picked":"Cursed Key"}],"items_purged_floors":[4,22],"is_endless":false,"potions_floor_spawned":[1,8,10,12,18,21,23,27],"killed_by":"Champ","ascension_level":16}