{"gold_per_floor":[114,114,189,204,217,250,250,250,250,285,285,297,297,331,331,408,408,426,426,295,220,39,39,67,81,81,81,81,94,94,104,104,175,175,191,191,206,225,100,100,111,141,209,209,243,262,273,290,290,290,290,290,290,19,52,52],"floor_reached":57,"playtime":2426,"items_purged":["Riddle With Holes","Storm of Steel","Bouncing Flask","Doppelganger"],"score":2950,"play_id":"69545908-0d5f-4958-aae9-68bbda95f861","local_time":"20240526162536","is_ascension_mode":true,"campfire_choices":[{"floor":7.0,"key":"REST"},{"data":"Terror","floor":11.0,"key":"SMITH"},{"data":"Bouncing Flask","floor":13.0,"key":"SMITH"},{"data":"Catalyst","floor":15.0,"key":"SMITH"},{"floor":23.0,"key":"REST"},{"data":"Reflex","floor":30.0,"key":"SMITH"},{"data":"Acrobatics","floor":32.0,"key":"SMITH"},{"data":"Concentrate","floor":40.0,"key":"SMITH"},{"data":"Calculated Gamble","floor":44.0,"key":"SMITH"},{"floor":49.0,"key":"RECALL"},{"data":"Masterful Stab+1","floor":53.0,"key":"PURGE"}],"neow_cost":"TEN_PERCENT_HP_LOSS","seed_source_timestamp":4535572111200,"circlet_count":0,"master_deck":["AscendersBane","Survivor","Neutralize+1","Doppelganger","Dagger Throw","Backstab","Terror+1","Bouncing Flask+1","Catalyst+1","Malaise","Eviscerate","Calculated Gamble+1","Acrobatics+1","Tools of the Trade","Blur","Reflex+1","Backflip","Footwork","Backflip+1","Concentrate+1","After Image","Prepared","After Image"],"special_seed":0,"relics":["Ring of the Snake","Sundial","Whetstone","Snake Skull","Akabeko","Pandora\u0027s Box","Gremlin Horn","Peace Pipe","Omamori","MutagenicStrength","Cursed Key","Potion Belt","Smiling Mask","Ninja Scroll","Pear"],"potions_floor_usage":[55,55,56,56],"damage_taken":[{"damage":0.0,"enemies":"Jaw Worm","floor":1.0,"turns":5.0},{"damage":0.0,"enemies":"2 Louse","floor":4.0,"turns":2.0},{"damage":6.0,"enemies":"Small Slimes","floor":5.0,"turns":4.0},{"damage":30.0,"enemies":"Lagavulin","floor":6.0,"turns":10.0},{"damage":1.0,"enemies":"Gremlin Nob","floor":10.0,"turns":3.0},{"damage":0.0,"enemies":"Exordium Thugs","floor":12.0,"turns":5.0},{"damage":36.0,"enemies":"3 Sentries","floor":14.0,"turns":12.0},{"damage":8.0,"enemies":"Hexaghost","floor":16.0,"turns":6.0},{"damage":21.0,"enemies":"Shell Parasite","floor":18.0,"turns":4.0},{"damage":20.0,"enemies":"Book of Stabbing","floor":24.0,"turns":5.0},{"damage":0.0,"enemies":"3 Byrds","floor":25.0,"turns":4.0},{"damage":1.0,"enemies":"Sentry and Sphere","floor":29.0,"turns":3.0},{"damage":10.0,"enemies":"3 Cultists","floor":31.0,"turns":5.0},{"damage":0.0,"enemies":"Collector","floor":33.0,"turns":5.0},{"damage":0.0,"enemies":"3 Shapes","floor":35.0,"turns":3.0},{"damage":0.0,"enemies":"3 Darklings","floor":37.0,"turns":3.0},{"damage":0.0,"enemies":"Transient","floor":38.0,"turns":6.0},{"damage":16.0,"enemies":"Spire Growth","floor":41.0,"turns":3.0},{"damage":0.0,"enemies":"Reptomancer","floor":42.0,"turns":2.0},{"damage":0.0,"enemies":"Giant Head","floor":45.0,"turns":4.0},{"damage":0.0,"enemies":"4 Shapes","floor":46.0,"turns":4.0},{"damage":0.0,"enemies":"Writhing Mass","floor":47.0,"turns":4.0},{"damage":0.0,"enemies":"Spire Growth","floor":48.0,"turns":3.0},{"damage":5.0,"enemies":"Awakened One","floor":50.0,"turns":6.0},{"damage":5.0,"enemies":"Time Eater","floor":51.0,"turns":9.0},{"damage":18,"enemies":"Shield and Spear","floor":55,"turns":5},{"damage":14,"enemies":"The Heart","floor":56,"turns":7}],"seed_played":"383273695075014155","potions_obtained":[{"floor":1.0,"key":"Block Potion"},{"floor":5.0,"key":"Regen Potion"},{"floor":16.0,"key":"Poison Potion"},{"floor":19.0,"key":"CultistPotion"},{"floor":19.0,"key":"SmokeBomb"},{"floor":24.0,"key":"Fire Potion"},{"floor":25.0,"key":"SteroidPotion"},{"floor":29.0,"key":"Regen Potion"},{"floor":33.0,"key":"FearPotion"},{"floor":37.0,"key":"Dexterity Potion"},{"floor":38.0,"key":"Explosive Potion"},{"floor":41.0,"key":"AttackPotion"},{"floor":47.0,"key":"Weak Potion"},{"floor":55,"key":"PowerPotion"}],"is_trial":false,"path_per_floor":["M","?","?","M","M","E","R","?","T","E","R","M","R","E","R","B",null,"M","?","$","?","$","R","E","M","T","T","?","M","R","M","R","B",null,"M","?","M","M","$","R","M","E","T","R","E","M","M","M","R","B","B",null,"R","$","E","B",null],"character_chosen":"THE_SILENT","basemod:card_modifiers":[null,null,null,null,null,null,null,null,null,null,null,null,null,null,null,null,null,null,null,null,null,null,null],"items_purchased":["Backflip","Footwork","After Image","Dexterity Potion"],"campfire_rested":2,"item_purchase_floors":[20,22,54,54],"current_hp_per_floor":[59,64,53,53,47,17,36,36,36,35,35,35,35,14,14,6,50,29,29,29,29,29,48,28,28,28,28,28,27,27,31,31,31,57,57,57,57,57,57,57,41,41,41,41,41,41,41,41,41,36,31,57,57,57,49,35],"gold":52,"neow_bonus":"THREE_RARE_CARDS","is_prod":false,"is_daily":false,"chose_seed":false,"campfire_upgraded":7,"win_rate":0,"timestamp":1716708336,"path_taken":["M","?","?","M","M","E","R","?","T","E","R","M","R","E","R","BOSS","M","?","?","?","$","R","E","M","T","?","?","?","R","M","R","BOSS","M","?","?","M","$","R","M","E","T","R","E","M","M","M","R","BOSS","BOSS","R","$","E","BOSS"],"build_version":"2022-12-18","purchased_purges":4,"victory":true,"max_hp_per_floor":[60,65,65,65,65,65,65,65,65,65,65,65,65,65,65,65,65,65,65,65,65,65,65,65,65,65,65,65,65,65,65,65,65,65,65,65,65,65,65,65,65,65,65,65,65,65,65,65,65,65,65,65,65,65,75,75],"relic_stats":{"Peace Pipe":1,"Gremlin Horn":[23,23],"counters":[27,132],"Sundial":[70],"Pandora\u0027s Box":["Doppelganger","Eviscerate","Calculated Gamble","Riddle With Holes","Storm of Steel","Acrobatics","Tools of the Trade","Sucker Punch","Blur","Bouncing Flask"],"Snake Skull":[248],"Omamori":1,"Whetstone":["Masterful Stab","Neutralize"],"Cursed Key":1,"Smiling Mask":100,"obtain_stats":[{"Potion Belt":36,"Pear":55,"Gremlin Horn":24,"Snake Skull":10,"Omamori":27,"Whetstone":9,"Cursed Key":34,"Smiling Mask":42,"Akabeko":14,"Peace Pipe":26,"Sundial":6,"Ninja Scroll":45,"MutagenicStrength":28,"Pandora\u0027s Box":17,"Ring of the Snake":0},{"Potion Belt":15,"Pear":26,"Gremlin Horn":10,"Snake Skull":5,"Omamori":11,"Whetstone":4,"Cursed Key":14,"Smiling Mask":19,"Akabeko":7,"Peace Pipe":11,"Sundial":4,"Ninja Scroll":20,"MutagenicStrength":11,"Pandora\u0027s Box":8,"Ring of the Snake":0},{"Potion Belt":76,"Pear":125,"Gremlin Horn":56,"Snake Skull":24,"Omamori":60,"Whetstone":21,"Cursed Key":73,"Smiling Mask":90,"Akabeko":41,"Peace Pipe":60,"Sundial":21,"Ninja Scroll":94,"MutagenicStrength":60,"Pandora\u0027s Box":47,"Ring of the Snake":0}],"Ring of the Snake":[54]},"card_choices":[{"not_picked":["Burst","Malaise"],"picked":"Doppelganger","floor":0.0},{"not_picked":["Backflip","Dodge and Roll"],"picked":"Masterful Stab","floor":1.0},{"not_picked":["Finisher","Deflect"],"picked":"Dagger Throw","floor":4.0},{"not_picked":["Flying Knee","Reflex"],"picked":"Backstab","floor":5.0},{"not_picked":["Backflip","Outmaneuver"],"picked":"Terror","floor":6.0},{"not_picked":["Quick Slash","Doppelganger","Leg Sweep"],"picked":"SKIP","floor":10.0},{"not_picked":["Backstab","Sucker Punch"],"picked":"Bouncing Flask","floor":12.0},{"not_picked":["Flying Knee","Backflip"],"picked":"Catalyst","floor":14.0},{"not_picked":["Bullet Time","Burst"],"picked":"Malaise","floor":16.0},{"not_picked":["Acrobatics","Noxious Fumes"],"picked":"Reflex","floor":18.0},{"not_picked":["Deflect","Poisoned Stab"],"picked":"Backflip+1","floor":24.0},{"not_picked":["Outmaneuver","Noxious Fumes","Slice"],"picked":"SKIP","floor":25.0},{"not_picked":["PiercingWail","Backstab"],"picked":"Concentrate","floor":29.0},{"not_picked":["Predator","Flying Knee","Noxious Fumes"],"picked":"SKIP","floor":31.0},{"not_picked":["Unload","Storm of Steel"],"picked":"After Image","floor":33.0},{"not_picked":["Backstab","Heel Hook","Slice"],"picked":"SKIP","floor":35.0},{"not_picked":["Accuracy","Cloak And Dagger","Blur"],"picked":"SKIP","floor":37.0},{"not_picked":["Flying Knee","Backflip","PiercingWail"],"picked":"SKIP","floor":38.0},{"not_picked":["Bane","Slice","Masterful Stab"],"picked":"SKIP","floor":41.0},{"not_picked":["Deadly Poison+1","Deflect","Blur"],"picked":"SKIP","floor":42.0},{"not_picked":["Dagger Throw","Crippling Poison+1"],"picked":"Prepared","floor":45.0},{"not_picked":["Masterful Stab","Concentrate+1","Deflect"],"picked":"SKIP","floor":46.0},{"not_picked":["Dodge and Roll+1","Blur+1","Dash"],"picked":"SKIP","floor":47.0},{"not_picked":["Cloak And Dagger","Distraction","Corpse Explosion"],"picked":"SKIP","floor":48.0},{"not_picked":["Masterful Stab+1","Malaise","Calculated Gamble+1"],"picked":"SKIP","floor":55}],"player_experience":713934,"relics_obtained":[{"floor":6.0,"key":"Sundial"},{"floor":9.0,"key":"Whetstone"},{"floor":10.0,"key":"Snake Skull"},{"floor":14.0,"key":"Akabeko"},{"floor":24.0,"key":"Gremlin Horn"},{"floor":26.0,"key":"Peace Pipe"},{"floor":27.0,"key":"Omamori"},{"floor":42.0,"key":"Smiling Mask"},{"floor":45.0,"key":"Ninja Scroll"},{"floor":55,"key":"Pear"}],"event_choices":[{"damage_healed":0.0,"max_hp_gain":5.0,"max_hp_loss":0.0,"gold_gain":0.0,"event_name":"Big Fish","player_choice":"Donut","floor":2.0,"gold_loss":0.0,"damage_taken":0.0},{"damage_healed":0.0,"max_hp_gain":0.0,"max_hp_loss":0.0,"gold_gain":75.0,"event_name":"World of Goop","player_choice":"Gather Gold","floor":3.0,"gold_loss":0.0,"damage_taken":11.0},{"damage_healed":0.0,"max_hp_gain":0.0,"max_hp_loss":0.0,"gold_gain":0.0,"event_name":"Dead Adventurer","player_choice":"Searched \u00270\u0027 times","floor":8.0,"gold_loss":0.0,"damage_taken":0.0},{"damage_healed":0.0,"max_hp_gain":0.0,"max_hp_loss":0.0,"gold_gain":0.0,"event_name":"Lab","player_choice":"Got Potions","floor":19.0,"gold_loss":0.0,"damage_taken":0.0},{"cards_removed":["Sucker Punch"],"damage_healed":0.0,"max_hp_gain":0.0,"max_hp_loss":0.0,"gold_gain":0.0,"event_name":"Beggar","player_choice":"Gave Gold","floor":21.0,"gold_loss":75.0,"damage_taken":0.0},{"damage_healed":0.0,"max_hp_gain":0.0,"max_hp_loss":0.0,"gold_gain":0.0,"event_name":"Drug Dealer","player_choice":"Inject Mutagens","floor":28.0,"gold_loss":0.0,"damage_taken":0.0,"relics_obtained":["MutagenicStrength"]},{"damage_healed":0.0,"max_hp_gain":0.0,"max_hp_loss":0.0,"gold_gain":0.0,"event_name":"WeMeetAgain","player_choice":"Gave Potion","floor":36.0,"gold_loss":0.0,"damage_taken":0.0,"relics_obtained":["Potion Belt"]}],"is_beta":false,"boss_relics":[{"not_picked":["Empty Cage","Ring of the Serpent"],"picked":"Pandora\u0027s Box"},{"not_picked":["Fusion Hammer","SlaversCollar"],"picked":"Cursed Key"}],"items_purged_floors":[20,22,39,54],"is_endless":false,"potions_floor_spawned":[1,5,16,24,25,29,33,37,38,41,47,55],"ascension_level":20}