{"gold_per_floor":[14,14,14,38,63,107,120,120],"floor_reached":8,"playtime":154,"items_purged":[],"score":116,"play_id":"3d86d4d6-637c-4b6c-a2ff-0f40239f6533","local_time":"20240525202517","is_ascension_mode":true,"campfire_choices":[],"neow_cost":"NO_GOLD","seed_source_timestamp":24815878813600,"circlet_count":0,"master_deck":["AscendersBane","Strike_G","Strike_G","Strike_G","Strike_G","Defend_G","Defend_G","Defend_G","Defend_G","Survivor","Neutralize","Blade Dance","Flying Knee","Dagger Throw","Underhanded Strike"],"relics":["Ring of the Snake","Golden Idol","Incense Burner"],"potions_floor_usage":[6],"damage_taken":[{"damage":3,"enemies":"Cultist","floor":1,"turns":4},{"damage":4,"enemies":"Small Slimes","floor":4,"turns":4},{"damage":0,"enemies":"Jaw Worm","floor":5,"turns":6},{"damage":43,"enemies":"Gremlin Nob","floor":6,"turns":5},{"damage":8,"enemies":"3 Louse","floor":7,"turns":3},{"damage":2,"enemies":"3 Sentries","floor":8,"turns":1}],"seed_played":"-8103358003656782178","potions_obtained":[{"floor":4,"key":"Weak Potion"},{"floor":7,"key":"Weak Potion"}],"is_trial":false,"path_per_floor":["M","?","?","M","M","E","M","E"],"character_chosen":"THE_SILENT","basemod:card_modifiers":[null,null,null,null,null,null,null,null,null,null,null,null,null,null,null],"items_purchased":[],"campfire_rested":0,"item_purchase_floors":[],"current_hp_per_floor":[56,56,56,52,52,9,1,0],"gold":120,"neow_bonus":"REMOVE_TWO","is_prod":false,"is_daily":false,"chose_seed":false,"campfire_upgraded":0,"win_rate":0,"timestamp":1716636317,"path_taken":["M","?","?","M","M","E","M","E"],"build_version":"2022-12-18","purchased_purges":0,"victory":false,"max_hp_per_floor":[66,60,60,60,60,60,60,60],"relic_stats":{"counters":[6,23],"Golden Idol":22,"obtain_stats":[{"Golden Idol":2,"Incense Burner":6,"Ring of the Snake":0},{"Golden Idol":1,"Incense Burner":4,"Ring of the Snake":0},{"Golden Idol":4,"Incense Burner":19,"Ring of the Snake":0}],"Ring of the Snake":[12]},"card_choices":[{"not_picked":["Bane","Deadly Poison"],"picked":"Blade Dance","floor":1},{"not_picked":["Outmaneuver","Underhanded Strike"],"picked":"Flying Knee","floor":4},{"not_picked":["Underhanded Strike","Flying Knee"],"picked":"Dagger Throw","floor":5},{"not_picked":["Choke","Poisoned Stab"],"picked":"Underhanded Strike","floor":6},{"not_picked":["Caltrops","Malaise","Outmaneuver"],"picked":"SKIP","floor":7}],"player_experience":708178,"relics_obtained":[{"floor":6,"key":"Incense Burner"}],"event_choices":[{"damage_healed":0,"gold_gain":0,"player_choice":"Lose Max HP","damage_taken":0,"relics_obtained":["Golden Idol"],"max_hp_gain":0,"max_hp_loss":6,"event_name":"Golden Idol","floor":2,"gold_loss":0},{"damage_healed":0,"gold_gain":0,"player_choice":"Ignored","damage_taken":0,"max_hp_gain":0,"max_hp_loss":0,"event_name":"WeMeetAgain","floor":3,"gold_loss":0}],"is_beta":false,"boss_relics":[],"items_purged_floors":[],"is_endless":false,"potions_floor_spawned":[4,7],"killed_by":"3 Sentries","ascension_level":20}