{"gold_per_floor":[115,129,204,216,216,250,266,276,299,313,313,323,357,374,374,446,446,464,379,379,579,164,164,195,205,205,205,475,268,367,393,393,467,467,478,478,342,342,355,383,383,395,418,444,444,471,482,502,502,502,502,502,167,202,202],"floor_reached":56,"playtime":6804,"items_purged":["Strike_P","Defend_P","Strike_P","Pray+1"],"score":2272,"play_id":"f7c6875d-4ac6-4bf8-9425-58d222ceff54","local_time":"20240525162731","is_ascension_mode":true,"campfire_choices":[{"data":"Eruption","floor":11.0,"key":"SMITH"},{"data":"Strike_P","floor":15.0,"key":"PURGE"},{"data":"Defend_P","floor":23.0,"key":"PURGE"},{"floor":27.0,"key":"REST"},{"data":"Strike_P","floor":32.0,"key":"PURGE"},{"data":"Defend_P+1","floor":41.0,"key":"PURGE"},{"data":"CarveReality","floor":45.0,"key":"PURGE"},{"floor":49.0,"key":"RECALL"},{"data":"Defend_P+1","floor":52,"key":"PURGE"}],"neow_cost":"NONE","seed_source_timestamp":0,"circlet_count":0,"master_deck":["AscendersBane","Eruption+1","Vigilance+1","EmptyFist+1","BowlingBash+1","InnerPeace+1","MentalFortress+1","LessonLearned+1","Vault+1","PanicButton+1","InnerPeace+1","Study+1","InnerPeace+1"],"special_seed":0,"relics":["PureWater","NeowsBlessing","Peace Pipe","Happy Flower","Orichalcum","Fusion Hammer","Pen Nib","Membership Card","FossilizedHelix","Art of War","CaptainsWheel","Pear","Lee\u0027s Waffle","Juzu Bracelet","Torii","VioletLotus","Strawberry","Ancient Tea Set","Bag of Marbles","Frozen Egg 2","TheAbacus","Bottled Lightning","Eternal Feather"],"potions_floor_usage":[50,55,55],"damage_taken":[{"damage":0.0,"enemies":"Cultist","floor":1.0,"turns":1.0},{"damage":0.0,"enemies":"2 Louse","floor":2.0,"turns":1.0},{"damage":0.0,"enemies":"Small Slimes","floor":4.0,"turns":1.0},{"damage":14.0,"enemies":"3 Sentries","floor":6.0,"turns":8.0},{"damage":1.0,"enemies":"Looter","floor":7.0,"turns":3.0},{"damage":0.0,"enemies":"Large Slime","floor":8.0,"turns":2.0},{"damage":3.0,"enemies":"3 Louse","floor":10.0,"turns":2.0},{"damage":1.0,"enemies":"Red Slaver","floor":12.0,"turns":3.0},{"damage":12.0,"enemies":"Lagavulin","floor":13.0,"turns":6.0},{"damage":0.0,"enemies":"Blue Slaver","floor":14.0,"turns":1.0},{"damage":0.0,"enemies":"Slime Boss","floor":16.0,"turns":6.0},{"damage":30.0,"enemies":"3 Byrds","floor":18.0,"turns":5.0},{"damage":20.0,"enemies":"Gremlin Leader","floor":24.0,"turns":7.0},{"damage":0.0,"enemies":"Chosen","floor":25.0,"turns":3.0},{"damage":17.0,"enemies":"Slavers","floor":31.0,"turns":5.0},{"damage":31.0,"enemies":"Champ","floor":33.0,"turns":10.0},{"damage":8.0,"enemies":"3 Darklings","floor":35.0,"turns":6.0},{"damage":0.0,"enemies":"3 Shapes","floor":39.0,"turns":5.0},{"damage":0.0,"enemies":"Reptomancer","floor":40.0,"turns":8.0},{"damage":10.0,"enemies":"Writhing Mass","floor":42.0,"turns":6.0},{"damage":1.0,"enemies":"Nemesis","floor":44.0,"turns":6.0},{"damage":0.0,"enemies":"Reptomancer","floor":46.0,"turns":5.0},{"damage":0.0,"enemies":"Jaw Worm Horde","floor":47.0,"turns":3.0},{"damage":2.0,"enemies":"Sphere and 2 Shapes","floor":48.0,"turns":5.0},{"damage":1,"enemies":"Time Eater","floor":50,"turns":8},{"damage":0,"enemies":"Shield and Spear","floor":54,"turns":5},{"damage":0,"enemies":"The Heart","floor":55,"turns":6}],"seed_played":"6743122581139948680","potions_obtained":[{"floor":1.0,"key":"Energy Potion"},{"floor":7.0,"key":"Strength Potion"},{"floor":12.0,"key":"Ambrosia"},{"floor":16.0,"key":"Regen Potion"},{"floor":24.0,"key":"Weak Potion"},{"floor":33.0,"key":"Swift Potion"},{"floor":42.0,"key":"Swift Potion"},{"floor":44.0,"key":"FearPotion"}],"is_trial":false,"path_per_floor":["M","M","?","M","?","E","M","M","T","M","R","M","E","M","R","B",null,"M","?","?","?","$","R","E","M","T","R","?","$","?","E","R","B",null,"M","?","$","?","M","E","R","M","T","E","R","E","M","M","R","B",null,"R","$","E","B",null],"character_chosen":"WATCHER","basemod:card_modifiers":[null,null,null,null,null,null,null,null,null,null,null,null,null],"items_purchased":["Membership Card","FossilizedHelix","Art of War","Lee\u0027s Waffle","Juzu Bracelet","Strawberry","TheAbacus","Ancient Potion","Block Potion","Bottled Lightning"],"campfire_rested":1,"item_purchase_floors":[22,22,22,29,29,37,53,53,53,53],"current_hp_per_floor":[61,61,55,55,55,41,40,40,40,37,37,36,24,24,24,24,57,39,39,39,39,39,39,19,19,29,52,25,85,85,68,68,37,73,65,65,72,62,62,62,62,52,52,51,51,51,51,49,49,48,78,78,78,78,78],"gold":202,"neow_bonus":"THREE_ENEMY_KILL","is_prod":false,"is_daily":false,"chose_seed":false,"campfire_upgraded":1,"win_rate":0,"timestamp":1716622051,"path_taken":["M","?","?","?","?","E","M","M","T","?","R","M","E","M","R","BOSS","M","?","?","?","$","R","E","?","T","R","?","$","?","E","R","BOSS","M","?","$","?","M","E","R","M","T","E","R","E","M","M","R","BOSS","R","$","E","BOSS"],"build_version":"2022-12-18","purchased_purges":4,"victory":true,"max_hp_per_floor":[68,68,68,68,68,68,68,68,68,68,68,68,68,68,68,68,68,68,68,68,68,68,68,68,68,78,78,78,85,85,85,85,85,85,85,81,88,88,88,88,88,88,88,88,88,88,88,88,88,88,88,88,88,88,88],"relic_stats":{"Lee\u0027s Waffle":60,"Happy Flower":[37],"Torii":11,"counters":[27,127],"Eternal Feather":0,"Pen Nib":[33],"Juzu Bracelet":1,"Orichalcum":[60],"Ancient Tea Set":[8],"Peace Pipe":6,"TheAbacus":[1356],"VioletLotus":[171],"Art of War":[5],"Membership Card":936,"Bottled Lightning":"Vault","PureWater":[18],"obtain_stats":[{"Lee\u0027s Waffle":29,"Pear":26,"NeowsBlessing":0,"Happy Flower":9,"Torii":31,"Eternal Feather":54,"Pen Nib":19,"Juzu Bracelet":29,"Orichalcum":13,"Frozen Egg 2":46,"Ancient Tea Set":40,"Peace Pipe":6,"CaptainsWheel":24,"TheAbacus":53,"Strawberry":37,"Fusion Hammer":17,"VioletLotus":34,"Art of War":22,"Bag of Marbles":44,"Membership Card":22,"Bottled Lightning":53,"PureWater":0,"FossilizedHelix":22},{"Lee\u0027s Waffle":14,"Pear":14,"NeowsBlessing":0,"Happy Flower":6,"Torii":15,"Eternal Feather":26,"Pen Nib":12,"Juzu Bracelet":14,"Orichalcum":9,"Frozen Egg 2":22,"Ancient Tea Set":19,"Peace Pipe":4,"CaptainsWheel":13,"TheAbacus":25,"Strawberry":17,"Fusion Hammer":11,"VioletLotus":16,"Art of War":12,"Bag of Marbles":21,"Membership Card":12,"Bottled Lightning":25,"PureWater":0,"FossilizedHelix":12},{"Lee\u0027s Waffle":49,"Pear":49,"NeowsBlessing":0,"Happy Flower":16,"Torii":54,"Eternal Feather":121,"Pen Nib":39,"Juzu Bracelet":49,"Orichalcum":27,"Frozen Egg 2":100,"Ancient Tea Set":83,"Peace Pipe":11,"CaptainsWheel":46,"TheAbacus":116,"Strawberry":70,"Fusion Hammer":34,"VioletLotus":64,"Art of War":39,"Bag of Marbles":95,"Membership Card":39,"Bottled Lightning":116,"PureWater":0,"FossilizedHelix":39}],"FossilizedHelix":[99]},"card_choices":[{"not_picked":["FlurryOfBlows","EmptyMind"],"picked":"EmptyFist","floor":1.0},{"not_picked":["EmptyFist","Sanctity","JustLucky"],"picked":"SKIP","floor":2.0},{"not_picked":["FlyingSleeves","TalkToTheHand"],"picked":"BowlingBash","floor":4.0},{"not_picked":["Perseverance","Alpha"],"picked":"CarveReality","floor":6.0},{"not_picked":["FlyingSleeves","WindmillStrike","WreathOfFlame"],"picked":"SKIP","floor":7.0},{"not_picked":["EmptyFist","ForeignInfluence"],"picked":"InnerPeace","floor":8.0},{"not_picked":["FollowUp","LikeWater","WindmillStrike"],"picked":"SKIP","floor":10.0},{"not_picked":["Fasting2","Weave"],"picked":"MentalFortress","floor":12.0},{"not_picked":["FlyingSleeves","WindmillStrike"],"picked":"LessonLearned","floor":13.0},{"not_picked":["Wireheading","Conclude","Worship"],"picked":"SKIP","floor":14.0},{"not_picked":["Meditate","WaveOfTheHand","Halt"],"picked":"SKIP","floor":18.0},{"not_picked":["CrushJoints","ClearTheMind","CutThroughFate"],"picked":"SKIP","floor":24.0},{"not_picked":["FlurryOfBlows","WreathOfFlame"],"picked":"Pray","floor":25.0},{"not_picked":["Worship","PathToVictory","Establishment"],"picked":"SKIP","floor":31.0},{"not_picked":["Brilliance","MasterReality"],"picked":"Vault","floor":33.0},{"not_picked":["Conclude+1","FollowUp","Halt"],"picked":"SKIP","floor":35.0},{"not_picked":["Panacea","Finesse"],"picked":"PanicButton","floor":38.0},{"not_picked":["Weave","Prostrate","Consecrate"],"picked":"SKIP","floor":39.0},{"not_picked":["CutThroughFate","BattleHymn"],"picked":"InnerPeace","floor":40.0},{"not_picked":["Swivel","Fasting2","Meditate+1"],"picked":"SKIP","floor":42.0},{"not_picked":["WreathOfFlame","BowlingBash+1","CutThroughFate"],"picked":"SKIP","floor":44.0},{"not_picked":["EmptyFist","Protect"],"picked":"Study+1","floor":46.0},{"not_picked":["Prostrate","SashWhip+1","Conclude"],"picked":"SKIP","floor":47.0},{"not_picked":["Study+1","Halt+1"],"picked":"InnerPeace+1","floor":48.0},{"not_picked":["Nirvana+1","EmptyBody","Protect"],"picked":"SKIP","floor":54}],"player_experience":695124,"relics_obtained":[{"floor":6.0,"key":"Peace Pipe"},{"floor":9.0,"key":"Happy Flower"},{"floor":13.0,"key":"Orichalcum"},{"floor":24.0,"key":"CaptainsWheel"},{"floor":26.0,"key":"Pear"},{"floor":31.0,"key":"Torii"},{"floor":40.0,"key":"Ancient Tea Set"},{"floor":44.0,"key":"Bag of Marbles"},{"floor":46.0,"key":"Frozen Egg 2"},{"floor":54,"key":"Eternal Feather"}],"event_choices":[{"damage_healed":0.0,"max_hp_gain":0.0,"max_hp_loss":0.0,"gold_gain":75.0,"event_name":"FaceTrader","player_choice":"Touch","floor":3.0,"gold_loss":0.0,"damage_taken":6.0},{"damage_healed":0.0,"max_hp_gain":0.0,"max_hp_loss":0.0,"gold_gain":0.0,"event_name":"Match and Keep!","player_choice":"0 cards matched","floor":5.0,"gold_loss":0.0,"damage_taken":0.0,"cards_obtained":[]},{"damage_healed":0.0,"max_hp_gain":0.0,"max_hp_loss":0.0,"gold_gain":0.0,"event_name":"Addict","player_choice":"Obtained Relic","floor":19.0,"gold_loss":85.0,"damage_taken":0.0,"relics_obtained":["Pen Nib"]},{"damage_healed":0.0,"max_hp_gain":0.0,"max_hp_loss":0.0,"gold_gain":0.0,"event_name":"Cursed Tome","player_choice":"Ignored","floor":20.0,"gold_loss":0.0,"damage_taken":0.0},{"damage_healed":0.0,"max_hp_gain":0.0,"max_hp_loss":0.0,"gold_gain":250.0,"event_name":"The Joust","player_choice":"Bet on Owner","floor":21.0,"gold_loss":50.0,"damage_taken":0.0},{"damage_healed":0.0,"max_hp_gain":0.0,"max_hp_loss":0.0,"gold_gain":270.0,"event_name":"Knowing Skull","player_choice":"GOLD GOLD GOLD ","floor":28.0,"potions_obtained":[],"gold_loss":0.0,"damage_taken":27.0,"cards_obtained":[]},{"damage_healed":0.0,"max_hp_gain":0.0,"max_hp_loss":0.0,"gold_gain":99.0,"event_name":"Nest","player_choice":"Stole From Cult","floor":30.0,"gold_loss":0.0,"damage_taken":0.0},{"damage_healed":0.0,"max_hp_gain":0.0,"max_hp_loss":4.0,"gold_gain":0.0,"event_name":"Winding Halls","player_choice":"Max HP","floor":36.0,"gold_loss":0.0,"damage_taken":0.0},{"damage_healed":0.0,"max_hp_gain":0.0,"max_hp_loss":0.0,"gold_gain":0.0,"event_name":"SensoryStone","player_choice":"Memory 3","floor":38.0,"gold_loss":0.0,"damage_taken":10.0}],"is_beta":false,"boss_relics":[{"not_picked":["Calling Bell","Tiny House"],"picked":"Fusion Hammer"},{"not_picked":["Snecko Eye","Empty Cage"],"picked":"VioletLotus"}],"items_purged_floors":[22,29,37,53],"is_endless":false,"potions_floor_spawned":[1,7,12,13,14,16,24,33,39,42,44],"ascension_level":14}