{"gold_per_floor":[113,113,128,145,145,177,195,195,195,224,238,257,271,303,303,375,375,375],"floor_reached":18,"playtime":687,"items_purged":[],"score":308,"play_id":"6933b522-e2ba-4a54-8659-510ffdce991e","local_time":"20240525164042","is_ascension_mode":true,"campfire_choices":[{"data":"Eruption","floor":8.0,"key":"SMITH"},{"floor":15,"key":"REST"}],"neow_cost":"NONE","seed_source_timestamp":10785804227200,"circlet_count":0,"master_deck":["AscendersBane","Strike_P","Strike_P","Strike_P","Strike_P","Defend_P","Defend_P","Defend_P","Defend_P","Eruption+1","Vigilance","PathToVictory","DeceiveReality","SignatureMove","Adaptation","EmptyFist","EmptyMind","DevaForm"],"special_seed":0,"relics":["PureWater","Omamori","FaceOfCleric","StrikeDummy","Dead Branch","WingedGreaves","VioletLotus"],"potions_floor_usage":[12,13,14],"damage_taken":[{"damage":0.0,"enemies":"Small Slimes","floor":1.0,"turns":4.0},{"damage":4.0,"enemies":"Jaw Worm","floor":3.0,"turns":5.0},{"damage":0.0,"enemies":"Cultist","floor":4.0,"turns":2.0},{"damage":26.0,"enemies":"Lagavulin","floor":6.0,"turns":10.0},{"damage":1.0,"enemies":"Looter","floor":7.0,"turns":3.0},{"damage":5.0,"enemies":"3 Sentries","floor":10.0,"turns":6.0},{"damage":5.0,"enemies":"Blue Slaver","floor":11.0,"turns":4.0},{"damage":17,"enemies":"Lots of Slimes","floor":12,"turns":5},{"damage":3,"enemies":"3 Louse","floor":13,"turns":4},{"damage":0,"enemies":"Large Slime","floor":14,"turns":1},{"damage":4,"enemies":"The Guardian","floor":16,"turns":12},{"damage":65,"enemies":"3 Byrds","floor":18,"turns":11}],"seed_played":"-8113741054474425146","potions_obtained":[{"floor":6.0,"key":"AttackPotion"},{"floor":10.0,"key":"Swift Potion"},{"floor":12,"key":"AttackPotion"},{"floor":13,"key":"ColorlessPotion"}],"is_trial":false,"path_per_floor":["M","?","M","M","?","E","M","R","T","E","M","M","M","M","R","B",null,"M"],"character_chosen":"WATCHER","basemod:card_modifiers":[null,null,null,null,null,null,null,null,null,null,null,null,null,null,null,null,null,null],"items_purchased":[],"campfire_rested":1,"item_purchase_floors":[],"current_hp_per_floor":[61,61,57,57,57,32,32,32,32,28,24,8,6,7,29,26,64,0],"gold":375,"neow_bonus":"RANDOM_COMMON_RELIC","is_prod":false,"is_daily":false,"chose_seed":false,"campfire_upgraded":1,"win_rate":0,"timestamp":1716622842,"path_taken":["M","?","M","M","?","E","M","R","T","E","?","M","M","M","R","BOSS","M"],"build_version":"2022-12-18","purchased_purges":0,"victory":false,"max_hp_per_floor":[68,68,68,68,68,69,70,70,70,71,72,73,74,75,75,76,76,76],"relic_stats":{"FaceOfCleric":8,"counters":[12,67],"Dead Branch":[34],"WingedGreaves":0,"VioletLotus":[1],"Omamori":0,"PureWater":[11],"obtain_stats":[{"FaceOfCleric":5,"Dead Branch":9,"WingedGreaves":10,"VioletLotus":17,"Omamori":0,"PureWater":0,"StrikeDummy":6},{"FaceOfCleric":3,"Dead Branch":5,"WingedGreaves":6,"VioletLotus":11,"Omamori":0,"PureWater":0,"StrikeDummy":4},{"FaceOfCleric":11,"Dead Branch":24,"WingedGreaves":30,"VioletLotus":56,"Omamori":0,"PureWater":0,"StrikeDummy":21}]},"card_choices":[{"not_picked":["Halt","Worship"],"picked":"PathToVictory","floor":1.0},{"not_picked":["Weave","Consecrate"],"picked":"DeceiveReality","floor":3.0},{"not_picked":["Evaluate","Crescendo"],"picked":"SignatureMove","floor":4.0},{"not_picked":["Fasting2","WheelKick"],"picked":"Adaptation","floor":6.0},{"not_picked":["Vengeance","Consecrate","DeceiveReality"],"picked":"SKIP","floor":7.0},{"not_picked":["Nirvana","Perseverance"],"picked":"EmptyFist","floor":10.0},{"not_picked":["FlurryOfBlows","CutThroughFate"],"picked":"EmptyMind","floor":11.0},{"not_picked":["EmptyBody","SashWhip","Weave"],"picked":"SKIP","floor":12},{"not_picked":["FlurryOfBlows","WheelKick","BowlingBash"],"picked":"SKIP","floor":13},{"not_picked":["BowlingBash","Perseverance","Worship"],"picked":"SKIP","floor":14},{"not_picked":["Alpha","LessonLearned"],"picked":"DevaForm","floor":16}],"player_experience":701928,"relics_obtained":[{"floor":6.0,"key":"StrikeDummy"},{"floor":9.0,"key":"Dead Branch"},{"floor":10.0,"key":"WingedGreaves"}],"event_choices":[{"damage_healed":0.0,"max_hp_gain":0.0,"max_hp_loss":0.0,"gold_gain":0.0,"event_name":"Liars Game","player_choice":"Ignored","floor":2.0,"gold_loss":0.0,"damage_taken":0.0},{"damage_healed":0.0,"max_hp_gain":0.0,"max_hp_loss":0.0,"gold_gain":0.0,"event_name":"FaceTrader","player_choice":"Trade","floor":5.0,"gold_loss":0.0,"damage_taken":0.0,"relics_obtained":["FaceOfCleric"]}],"is_beta":false,"boss_relics":[{"not_picked":["Philosopher\u0027s Stone","Runic Pyramid"],"picked":"VioletLotus"}],"items_purged_floors":[],"is_endless":false,"potions_floor_spawned":[6,10,12,13],"killed_by":"3 Byrds","ascension_level":15}