{"gold_per_floor":[116,41,41,41,41,41,71,84,84,84,118,118,148,148,148,219,219,238,60,60,60,73,100,111,111,181,213,213,223,223,240,240,317,317,332,332,346,221,238,273,273,285,311,311,342,342,367,384,384,384,384,384,384,126,160,160],"floor_reached":57,"playtime":1689,"items_purged":["Strike_G","Deadly Poison","Sucker Punch+1","Bane+1"],"score":2863,"play_id":"e3cf62ce-3dd3-4ded-a108-f5b9c459a50c","local_time":"20240525205746","is_ascension_mode":true,"campfire_choices":[{"data":"Deadly Poison","floor":6.0,"key":"SMITH"},{"data":"Blade Dance","floor":10.0,"key":"SMITH"},{"data":"Crippling Poison","floor":12.0,"key":"SMITH"},{"data":"Neutralize","floor":15.0,"key":"SMITH"},{"data":"1","floor":28.0,"key":"LIFT"},{"data":"2","floor":30.0,"key":"LIFT"},{"data":"3","floor":32.0,"key":"LIFT"},{"floor":44.0,"key":"RECALL"},{"floor":46.0,"key":"REST"},{"floor":49.0,"key":"REST"},{"floor":53.0,"key":"REST"}],"neow_cost":"NONE","seed_source_timestamp":24978372359600,"circlet_count":0,"master_deck":["AscendersBane","Survivor","Neutralize+1","Deadly Poison+1","Crippling Poison+1","Blade Dance+1","Backstab+1","Venomology","Die Die Die+1","Finisher+1","Bouncing Flask","Deflect","Catalyst","Escape Plan","Malaise","PiercingWail","Dark Shackles","Burst","Backflip","Backflip","Footwork+1"],"special_seed":0,"relics":["Ring of the Snake","NeowsBlessing","TungstenRod","Snake Skull","Molten Egg 2","Toy Ornithopter","MealTicket","Pandora\u0027s Box","Mango","Girya","HornCleat","Ice Cream","Fusion Hammer","Oddly Smooth Stone","Art of War","Meat on the Bone","Blue Candle"],"potions_floor_usage":[55,56,56,56],"damage_taken":[{"damage":0.0,"enemies":"2 Louse","floor":1.0,"turns":1.0},{"damage":0.0,"enemies":"3 Sentries","floor":7.0,"turns":2.0},{"damage":0.0,"enemies":"Small Slimes","floor":8.0,"turns":1.0},{"damage":9.0,"enemies":"Gremlin Nob","floor":11.0,"turns":3.0},{"damage":8.0,"enemies":"Lagavulin","floor":13.0,"turns":7.0},{"damage":7.0,"enemies":"Hexaghost","floor":16.0,"turns":9.0},{"damage":7.0,"enemies":"Spheric Guardian","floor":18.0,"turns":3.0},{"damage":6.0,"enemies":"2 Thieves","floor":22.0,"turns":3.0},{"damage":1.0,"enemies":"Slavers","floor":23.0,"turns":3.0},{"damage":0.0,"enemies":"Snecko","floor":24.0,"turns":2.0},{"damage":13.0,"enemies":"Book of Stabbing","floor":27.0,"turns":4.0},{"damage":0.0,"enemies":"Snake Plant","floor":29.0,"turns":2.0},{"damage":22.0,"enemies":"Shelled Parasite and Fungi","floor":31.0,"turns":2.0},{"damage":28.0,"enemies":"Collector","floor":33.0,"turns":5.0},{"damage":3.0,"enemies":"3 Shapes","floor":35.0,"turns":2.0},{"damage":0.0,"enemies":"Orb Walker","floor":37.0,"turns":3.0},{"damage":16.0,"enemies":"Spire Growth","floor":39.0,"turns":3.0},{"damage":41.0,"enemies":"Giant Head","floor":40.0,"turns":6.0},{"damage":7.0,"enemies":"Sphere and 2 Shapes","floor":42.0,"turns":5.0},{"damage":31.0,"enemies":"Nemesis","floor":45.0,"turns":7.0},{"damage":43.0,"enemies":"Giant Head","floor":47.0,"turns":6.0},{"damage":7.0,"enemies":"Transient","floor":48.0,"turns":6.0},{"damage":45.0,"enemies":"Time Eater","floor":50.0,"turns":10.0},{"damage":19.0,"enemies":"Awakened One","floor":51.0,"turns":12.0},{"damage":51,"enemies":"Shield and Spear","floor":55,"turns":6},{"damage":70,"enemies":"The Heart","floor":56,"turns":8}],"seed_played":"-794605917123332980","potions_obtained":[{"floor":1.0,"key":"GhostInAJar"},{"floor":7.0,"key":"CunningPotion"},{"floor":16.0,"key":"Dexterity Potion"},{"floor":22.0,"key":"Fruit Juice"},{"floor":23.0,"key":"ColorlessPotion"},{"floor":27.0,"key":"Fruit Juice"},{"floor":29.0,"key":"Energy Potion"},{"floor":40.0,"key":"PowerPotion"},{"floor":55,"key":"PowerPotion"}],"is_trial":false,"path_per_floor":["M","$","?","?","?","R","E","M","T","R","E","R","E","?","R","B",null,"M","$","?","$","M","E","M","?","T","E","R","M","R","M","R","B",null,"M","?","M","$","M","E","?","M","T","R","E","R","E","M","R","B","B",null,"R","$","E","B",null],"character_chosen":"THE_SILENT","basemod:card_modifiers":[null,null,null,null,null,null,null,null,null,null,null,null,null,null,null,null,null,null,null,null,null],"items_purchased":["Catalyst","PowerPotion","Fire Potion"],"campfire_rested":3,"item_purchase_floors":[19,54,54],"current_hp_per_floor":[59,59,59,48,42,42,42,42,42,42,33,33,25,25,25,18,54,52,66,58,66,65,79,85,85,85,72,72,82,82,65,65,37,77,79,70,70,85,74,43,43,56,56,56,25,52,19,24,51,28,31,75,90,90,51,23],"gold":160,"neow_bonus":"THREE_ENEMY_KILL","is_prod":false,"is_daily":false,"chose_seed":false,"campfire_upgraded":4,"win_rate":0,"timestamp":1716638266,"path_taken":["M","$","?","?","?","R","E","M","T","R","E","R","E","?","R","BOSS","M","$","?","?","M","E","M","?","T","E","R","?","R","M","R","BOSS","M","?","M","$","M","E","?","M","T","R","E","R","E","M","R","BOSS","BOSS","R","$","E","BOSS"],"build_version":"2022-12-18","purchased_purges":4,"victory":true,"max_hp_per_floor":[66,66,66,66,66,66,66,66,66,66,66,66,66,66,66,66,66,66,66,66,66,66,80,85,85,85,85,85,90,90,90,90,90,90,90,90,90,90,90,90,90,90,90,90,90,90,90,90,90,90,90,90,90,90,90,90],"relic_stats":{"Ice Cream":[88],"Girya":3,"counters":[26,121],"Blue Candle":[0],"Snake Skull":[161],"MealTicket":37,"Pandora\u0027s Box":["Bane","Deadly Poison","Die Die Die","Finisher","Sucker Punch","Endless Agony","Bouncing Flask"],"Art of War":[16],"obtain_stats":[{"Ice Cream":27,"Girya":25,"NeowsBlessing":0,"Blue Candle":55,"Oddly Smooth Stone":40,"Mango":23,"Snake Skull":7,"HornCleat":26,"Molten Egg 2":9,"MealTicket":13,"Pandora\u0027s Box":17,"Fusion Hammer":34,"Art of War":45,"TungstenRod":4,"Toy Ornithopter":11,"Ring of the Snake":0,"Meat on the Bone":47},{"Ice Cream":11,"Girya":10,"NeowsBlessing":0,"Blue Candle":25,"Oddly Smooth Stone":18,"Mango":9,"Snake Skull":2,"HornCleat":10,"Molten Egg 2":3,"MealTicket":5,"Pandora\u0027s Box":6,"Fusion Hammer":14,"Art of War":20,"TungstenRod":1,"Toy Ornithopter":4,"Ring of the Snake":0,"Meat on the Bone":21},{"Ice Cream":38,"Girya":34,"NeowsBlessing":0,"Blue Candle":113,"Oddly Smooth Stone":61,"Mango":32,"Snake Skull":3,"HornCleat":34,"Molten Egg 2":4,"MealTicket":14,"Pandora\u0027s Box":23,"Fusion Hammer":47,"Art of War":73,"TungstenRod":1,"Toy Ornithopter":7,"Ring of the Snake":0,"Meat on the Bone":79}],"TungstenRod":92,"Toy Ornithopter":107,"Ring of the Snake":[53],"Meat on the Bone":60},"card_choices":[{"not_picked":["Masterful Stab","Dodge and Roll"],"picked":"Deadly Poison","floor":1.0},{"not_picked":["Quick Slash","Masterful Stab"],"picked":"Crippling Poison","floor":7.0},{"not_picked":["Deflect","Quick Slash"],"picked":"Blade Dance","floor":8.0},{"not_picked":["Infinite Blades","Expertise"],"picked":"Backstab+1","floor":11.0},{"not_picked":["Underhanded Strike+1","Flechettes+1","Quick Slash+1"],"picked":"SKIP","floor":13.0},{"not_picked":["Storm of Steel","Unload+1"],"picked":"Venomology","floor":16.0},{"not_picked":["Acrobatics","All Out Attack+1"],"picked":"Deflect","floor":18.0},{"not_picked":["Cloak And Dagger","Endless Agony+1","Heel Hook+1"],"picked":"SKIP","floor":22.0},{"not_picked":["Poisoned Stab+1","PiercingWail","Bane+1"],"picked":"SKIP","floor":23.0},{"not_picked":["Riddle With Holes+1","Prepared","Underhanded Strike+1"],"picked":"SKIP","floor":24.0},{"not_picked":["A Thousand Cuts","Predator+1","Corpse Explosion"],"picked":"SKIP","floor":27.0},{"not_picked":["Caltrops","Bane+1"],"picked":"Escape Plan","floor":29.0},{"not_picked":["Escape Plan","PiercingWail","Finisher+1"],"picked":"SKIP","floor":31.0},{"not_picked":["Adrenaline","Tools of the Trade"],"picked":"Malaise","floor":33.0},{"not_picked":["PiercingWail","Outmaneuver","Poisoned Stab+1"],"picked":"SKIP","floor":35.0},{"not_picked":["Outmaneuver","Poisoned Stab+1"],"picked":"PiercingWail","floor":35.0},{"not_picked":["Swift Strike+1","Panacea"],"picked":"Dark Shackles","floor":36.0},{"not_picked":["Sucker Punch+1","Outmaneuver","Accuracy"],"picked":"SKIP","floor":37.0},{"not_picked":["Caltrops+1","Sucker Punch+1","Cloak And Dagger"],"picked":"SKIP","floor":39.0},{"not_picked":["Dagger Throw+1","Flying Knee+1"],"picked":"Burst","floor":40.0},{"not_picked":["Quick Slash+1","Masterful Stab+1"],"picked":"Backflip","floor":42.0},{"not_picked":["Sucker Punch+1","Escape Plan+1","Slice+1"],"picked":"SKIP","floor":45.0},{"not_picked":["Masterful Stab+1","Underhanded Strike+1"],"picked":"Backflip","floor":47.0},{"not_picked":["PiercingWail","Calculated Gamble"],"picked":"Footwork+1","floor":48.0},{"not_picked":["Eviscerate+1","Endless Agony+1","Sucker Punch+1"],"picked":"SKIP","floor":55}],"player_experience":708332,"relics_obtained":[{"floor":7.0,"key":"Snake Skull"},{"floor":9.0,"key":"Molten Egg 2"},{"floor":11.0,"key":"Toy Ornithopter"},{"floor":13.0,"key":"MealTicket"},{"floor":23.0,"key":"Mango"},{"floor":26.0,"key":"HornCleat"},{"floor":27.0,"key":"Ice Cream"},{"floor":40.0,"key":"Oddly Smooth Stone"},{"floor":45.0,"key":"Art of War"},{"floor":47.0,"key":"Meat on the Bone"},{"floor":55,"key":"Blue Candle"}],"event_choices":[{"damage_healed":0.0,"max_hp_gain":0.0,"max_hp_loss":0.0,"gold_gain":0.0,"event_name":"Liars Game","player_choice":"Ignored","floor":3.0,"gold_loss":0.0,"damage_taken":0.0},{"damage_healed":0.0,"max_hp_gain":0.0,"max_hp_loss":0.0,"gold_gain":0.0,"event_name":"Scrap Ooze","player_choice":"Success","floor":4.0,"gold_loss":0.0,"damage_taken":11.0,"relics_obtained":["TungstenRod"]},{"cards_removed":["Strike_G"],"damage_healed":0.0,"max_hp_gain":0.0,"max_hp_loss":0.0,"gold_gain":0.0,"event_name":"Golden Wing","player_choice":"Card Removal","floor":5.0,"gold_loss":0.0,"damage_taken":7.0},{"cards_removed":["Strike_G"],"damage_healed":0.0,"max_hp_gain":0.0,"max_hp_loss":0.0,"gold_gain":0.0,"event_name":"Purifier","player_choice":"Purged","floor":14.0,"gold_loss":0.0,"damage_taken":0.0},{"damage_healed":0.0,"max_hp_gain":0.0,"max_hp_loss":0.0,"gold_gain":0.0,"event_name":"Wheel of Change","player_choice":"Damaged","floor":20.0,"gold_loss":0.0,"damage_taken":9.0},{"damage_healed":0.0,"max_hp_gain":0.0,"max_hp_loss":0.0,"gold_gain":0.0,"event_name":"WeMeetAgain","player_choice":"Gave Potion","floor":25.0,"gold_loss":0.0,"damage_taken":0.0,"relics_obtained":["Girya"]},{"damage_healed":0.0,"max_hp_gain":0.0,"max_hp_loss":0.0,"gold_gain":0.0,"event_name":"SensoryStone","player_choice":"Memory 3","floor":36.0,"gold_loss":0.0,"damage_taken":10.0},{"cards_removed":["Endless Agony"],"damage_healed":0.0,"max_hp_gain":0.0,"max_hp_loss":0.0,"gold_gain":0.0,"event_name":"Falling","player_choice":"Removed Attack","floor":41.0,"gold_loss":0.0,"damage_taken":0.0}],"is_beta":false,"boss_relics":[{"not_picked":["Sozu","Velvet Choker"],"picked":"Pandora\u0027s Box"},{"not_picked":["Runic Dome","Empty Cage"],"picked":"Fusion Hammer"}],"items_purged_floors":[2,19,38,54],"is_endless":false,"potions_floor_spawned":[1,7,8,16,22,23,27,29,33,35,40,55],"ascension_level":20}