{"gold_per_floor":[110,122,122,141,161,161,193,205,205,205,232,46,80,100,100,175,175,188,188,198,209,226,226,243,268,268,268],"floor_reached":27,"playtime":767,"items_purged":["Shame"],"score":488,"play_id":"623ed46c-890e-491b-925e-3f844e00114b","local_time":"20240603173929","is_ascension_mode":true,"campfire_choices":[{"data":"Eruption","floor":6.0,"key":"SMITH"},{"data":"Adaptation","floor":10.0,"key":"SMITH"},{"floor":15.0,"key":"REST"},{"floor":23.0,"key":"REST"}],"neow_cost":"NONE","seed_source_timestamp":0,"circlet_count":0,"master_deck":["AscendersBane","Strike_P","Strike_P","Strike_P","Strike_P","Defend_P","Defend_P","Defend_P","Defend_P","Eruption+1","Vigilance","FlurryOfBlows","BowlingBash","SandsOfTime","Adaptation+1","WheelKick","EmptyFist","Vault","Tantrum","InnerPeace","FearNoEvil"],"special_seed":0,"relics":["Cursed Key","Ginger","Turnip","SacredBark","Singing Bowl"],"potions_floor_usage":[],"damage_taken":[{"damage":0.0,"enemies":"2 Louse","floor":1.0,"turns":4.0},{"damage":0.0,"enemies":"Jaw Worm","floor":2.0,"turns":2.0},{"damage":2.0,"enemies":"Cultist","floor":4.0,"turns":3.0},{"damage":3.0,"enemies":"Blue Slaver","floor":5.0,"turns":4.0},{"damage":17.0,"enemies":"3 Sentries","floor":7.0,"turns":4.0},{"damage":3.0,"enemies":"Lots of Slimes","floor":8.0,"turns":3.0},{"damage":20.0,"enemies":"Lagavulin","floor":11.0,"turns":7.0},{"damage":7.0,"enemies":"3 Sentries","floor":13.0,"turns":5.0},{"damage":0.0,"enemies":"Large Slime","floor":14.0,"turns":3.0},{"damage":14.0,"enemies":"Hexaghost","floor":16.0,"turns":6.0},{"damage":9.0,"enemies":"2 Thieves","floor":18.0,"turns":3.0},{"damage":6.0,"enemies":"Shell Parasite","floor":20.0,"turns":4.0},{"damage":0.0,"enemies":"Cultist and Chosen","floor":21.0,"turns":4.0},{"damage":24.0,"enemies":"3 Cultists","floor":22.0,"turns":5.0},{"damage":17.0,"enemies":"Centurion and Healer","floor":24.0,"turns":5.0},{"damage":15.0,"enemies":"Gremlin Leader","floor":25.0,"turns":4.0},{"damage":0,"enemies":"Slavers","floor":27,"turns":1}],"seed_played":"2638444386913007614","potions_obtained":[{"floor":4.0,"key":"DuplicationPotion"},{"floor":11.0,"key":"FearPotion"},{"floor":14.0,"key":"Block Potion"},{"floor":20.0,"key":"Block Potion"}],"is_trial":false,"path_per_floor":["M","M","?","M","M","R","E","M","T","R","E","$","E","M","R","B",null,"M","?","M","M","M","R","M","E","T","E"],"character_chosen":"WATCHER","basemod:card_modifiers":[null,null,null,null,null,null,null,null,null,null,null,null,null,null,null,null,null,null,null,null,null],"items_purchased":["EmptyFist","BlessingOfTheForge"],"campfire_rested":2,"item_purchase_floors":[12,12],"current_hp_per_floor":[61,61,61,59,56,56,39,36,36,36,16,16,9,9,29,15,55,46,46,40,40,16,36,19,6,6,6],"gold":268,"neow_bonus":"BOSS_RELIC","is_prod":false,"is_daily":false,"chose_seed":false,"campfire_upgraded":2,"win_rate":0,"timestamp":1717403969,"path_taken":["M","M","?","M","M","R","E","M","T","R","E","$","E","M","R","BOSS","M","?","M","M","M","R","M","E","T","E"],"build_version":"2022-12-18","purchased_purges":1,"victory":false,"max_hp_per_floor":[68,68,68,68,68,68,68,68,68,68,68,68,68,68,68,68,68,68,68,68,68,68,68,68,70,70,70],"relic_stats":{"Singing Bowl":2,"counters":[17,67],"Turnip":[5],"Ginger":[2],"Cursed Key":1,"obtain_stats":[{"Singing Bowl":25,"SacredBark":17,"Turnip":11,"Ginger":7,"PureWater":0,"Cursed Key":0},{"Singing Bowl":16,"SacredBark":10,"Turnip":7,"Ginger":5,"PureWater":0,"Cursed Key":0},{"Singing Bowl":66,"SacredBark":41,"Turnip":27,"Ginger":17,"PureWater":0,"Cursed Key":0}]},"card_choices":[{"not_picked":["SashWhip","Wireheading"],"picked":"FlurryOfBlows","floor":1.0},{"not_picked":["Meditate","Crescendo"],"picked":"BowlingBash","floor":2.0},{"not_picked":["EmptyBody","ClearTheMind"],"picked":"SandsOfTime","floor":4.0},{"not_picked":["Consecrate","Halt","LikeWater"],"picked":"SKIP","floor":5.0},{"not_picked":["EmptyFist","SashWhip"],"picked":"Adaptation","floor":7.0},{"not_picked":["Consecrate","BattleHymn"],"picked":"WheelKick","floor":8.0},{"not_picked":["Brilliance","Crescendo","Weave"],"picked":"SKIP","floor":11.0},{"not_picked":["TalkToTheHand","CrushJoints","Study"],"picked":"SKIP","floor":13.0},{"not_picked":["FollowUp","BowlingBash","Wireheading"],"picked":"SKIP","floor":14.0},{"not_picked":["Devotion","Ragnarok"],"picked":"Vault","floor":16.0},{"not_picked":["Consecrate","BowlingBash+1"],"picked":"Tantrum","floor":18.0},{"not_picked":["CrushJoints","SpiritShield"],"picked":"InnerPeace","floor":20.0},{"not_picked":["Swivel","ClearTheMind"],"picked":"FearNoEvil","floor":21.0},{"not_picked":["PathToVictory","Indignation","Consecrate"],"picked":"SKIP","floor":22.0},{"not_picked":["BowlingBash","FollowUp","CrushJoints"],"picked":"SKIP","floor":24.0},{"not_picked":["WindmillStrike+1","SpiritShield","EmptyFist"],"picked":"Singing Bowl","floor":25.0}],"player_experience":735662,"relics_obtained":[{"floor":7.0,"key":"Ginger"},{"floor":11.0,"key":"Turnip"},{"floor":25.0,"key":"Singing Bowl"}],"event_choices":[{"damage_healed":0.0,"max_hp_gain":0.0,"max_hp_loss":0.0,"gold_gain":0.0,"event_name":"Liars Game","player_choice":"Ignored","floor":3.0,"gold_loss":0.0,"damage_taken":0.0},{"damage_healed":0.0,"max_hp_gain":0.0,"max_hp_loss":0.0,"gold_gain":0.0,"event_name":"The Mausoleum","player_choice":"Ignored","floor":19.0,"gold_loss":0.0,"damage_taken":0.0}],"is_beta":false,"boss_relics":[{"not_picked":["Ectoplasm","Tiny House"],"picked":"SacredBark"}],"items_purged_floors":[12],"is_endless":false,"potions_floor_spawned":[4,11,14,16,18,20],"killed_by":"Slavers","ascension_level":18}