{"gold_per_floor":[112,37,37,37,57,90,90,124,202,235,245,275,275,288,288,365,365,375,290,190,209,224,249,249,278,278,278,111,145,164,77,77,151,151,170,183,18,38,89,89,120,139,139,139,139,139,155,175,175,175,175,175,25,60,60],"floor_reached":55,"playtime":1963,"items_purged":["Defend_P","Strike_P","Defend_P","Strike_P+1"],"score":1678,"play_id":"86505050-3bfb-48b6-8dc9-487c7cf68baa","local_time":"20240603193533","is_ascension_mode":true,"campfire_choices":[{"data":"Eruption","floor":7.0,"key":"SMITH"},{"floor":13.0,"key":"REST"},{"floor":15.0,"key":"REST"},{"floor":24.0,"key":"DIG"},{"floor":32.0,"key":"DIG"},{"floor":40.0,"key":"DIG"},{"floor":44.0,"key":"DIG"},{"floor":46.0,"key":"DIG"},{"floor":49.0,"key":"RECALL"},{"floor":52.0,"key":"DIG"}],"neow_cost":"NONE","seed_source_timestamp":0,"circlet_count":0,"master_deck":["AscendersBane","Strike_P+1","Strike_P+1","Defend_P+1","Defend_P+1","Eruption+1","Vigilance+1","EmptyFist+1","WindmillStrike+1","LessonLearned+1","CutThroughFate+1","DeusExMachina+1","Vault+1","CrushJoints+1","InnerPeace+1","EmptyBody+1","FearNoEvil+1","Tantrum","Establishment+1","MentalFortress+1","Madness+1","Madness+1","Wallop"],"special_seed":0,"relics":["PureWater","NeowsBlessing","Orichalcum","Incense Burner","White Beast Statue","Lizard Tail","Bag of Preparation","Coffee Dripper","Du-Vu Doll","Shovel","Ice Cream","Yang","Oddly Smooth Stone","Eternal Feather","Toxic Egg 2","SacredBark","Toy Ornithopter","Mango","Darkstone Periapt","Pen Nib","Kunai","Lantern","Gremlin Horn","Bag of Marbles"],"potions_floor_usage":[55,55],"damage_taken":[{"damage":0.0,"enemies":"Cultist","floor":1.0,"turns":1.0},{"damage":0.0,"enemies":"Small Slimes","floor":5.0,"turns":1.0},{"damage":0.0,"enemies":"3 Sentries","floor":6.0,"turns":1.0},{"damage":10.0,"enemies":"Lagavulin","floor":8.0,"turns":5.0},{"damage":2.0,"enemies":"Gremlin Nob","floor":10.0,"turns":3.0},{"damage":8.0,"enemies":"Jaw Worm","floor":11.0,"turns":4.0},{"damage":15.0,"enemies":"Lagavulin","floor":12.0,"turns":7.0},{"damage":0.0,"enemies":"Blue Slaver","floor":14.0,"turns":2.0},{"damage":0.0,"enemies":"Slime Boss","floor":16.0,"turns":2.0},{"damage":16.0,"enemies":"Shell Parasite","floor":18.0,"turns":5.0},{"damage":0.0,"enemies":"Spheric Guardian","floor":21.0,"turns":2.0},{"damage":0.0,"enemies":"Shelled Parasite and Fungi","floor":22.0,"turns":5.0},{"damage":12.0,"enemies":"Slavers","floor":23.0,"turns":3.0},{"damage":0.0,"enemies":"Book of Stabbing","floor":25.0,"turns":4.0},{"damage":0.0,"enemies":"Gremlin Leader","floor":29.0,"turns":4.0},{"damage":30.0,"enemies":"Snecko","floor":30.0,"turns":7.0},{"damage":11.0,"enemies":"Automaton","floor":33.0,"turns":8.0},{"damage":0.0,"enemies":"Orb Walker","floor":35.0,"turns":2.0},{"damage":2.0,"enemies":"3 Shapes","floor":36.0,"turns":2.0},{"damage":1.0,"enemies":"Sphere and 2 Shapes","floor":38.0,"turns":5.0},{"damage":0.0,"enemies":"2 Orb Walkers","floor":39.0,"turns":3.0},{"damage":0.0,"enemies":"Giant Head","floor":41.0,"turns":6.0},{"damage":19.0,"enemies":"Spire Growth","floor":42.0,"turns":3.0},{"damage":0.0,"enemies":"Jaw Worm Horde","floor":47.0,"turns":5.0},{"damage":21.0,"enemies":"3 Darklings","floor":48.0,"turns":5.0},{"damage":14.0,"enemies":"Time Eater","floor":50.0,"turns":5.0},{"damage":32.0,"enemies":"Shield and Spear","floor":54.0,"turns":9.0},{"damage":102,"enemies":"The Heart","floor":55,"turns":5}],"seed_played":"-1468723181068815587","potions_obtained":[{"floor":1.0,"key":"Strength Potion"},{"floor":8.0,"key":"Strength Potion"},{"floor":10.0,"key":"StancePotion"},{"floor":11.0,"key":"Dexterity Potion"},{"floor":12.0,"key":"AttackPotion"},{"floor":14.0,"key":"FearPotion"},{"floor":16.0,"key":"Fire Potion"},{"floor":18.0,"key":"Weak Potion"},{"floor":21.0,"key":"ColorlessPotion"},{"floor":23.0,"key":"ColorlessPotion"},{"floor":25.0,"key":"EssenceOfSteel"},{"floor":29.0,"key":"PowerPotion"},{"floor":30.0,"key":"BlessingOfTheForge"},{"floor":33.0,"key":"CultistPotion"},{"floor":35.0,"key":"EntropicBrew"},{"floor":36.0,"key":"DuplicationPotion"},{"floor":38.0,"key":"Weak Potion"},{"floor":39.0,"key":"Block Potion"},{"floor":41.0,"key":"Explosive Potion"},{"floor":42.0,"key":"LiquidBronze"},{"floor":47.0,"key":"Ancient Potion"},{"floor":54.0,"key":"Weak Potion"}],"is_trial":false,"path_per_floor":["M","$","$","?","M","E","R","E","T","E","M","E","R","M","R","B",null,"M","?","$","M","M","E","R","E","T","?","$","E","M","$","R","B",null,"M","M","$","M","?","R","E","M","T","R","?","R","M","M","R","B",null,"R","$","E","B"],"character_chosen":"WATCHER","basemod:card_modifiers":[null,null,null,null,null,null,null,null,null,null,null,null,null,null,null,null,null,null,null,null,null,null,null],"items_purchased":["FearNoEvil","Tantrum","Toy Ornithopter"],"campfire_rested":2,"item_purchase_floors":[28,31,37],"current_hp_per_floor":[61,61,61,41,41,41,41,31,31,29,21,6,26,26,46,46,63,47,47,47,47,47,35,35,35,35,35,35,35,5,5,14,3,52,52,50,50,54,73,82,82,78,78,82,67,79,82,61,73,64,78,82,82,50,0],"gold":60,"neow_bonus":"THREE_ENEMY_KILL","is_prod":false,"is_daily":false,"chose_seed":false,"campfire_upgraded":1,"win_rate":0,"timestamp":1717410933,"path_taken":["M","?","$","?","M","E","R","E","T","E","M","E","R","M","R","BOSS","M","?","$","M","M","E","R","E","T","?","$","E","M","?","R","BOSS","M","M","$","M","?","R","E","M","T","R","?","R","M","M","R","BOSS","R","$","E","BOSS"],"build_version":"2022-12-18","purchased_purges":4,"victory":false,"max_hp_per_floor":[68,68,68,68,68,68,68,68,68,68,68,68,68,68,68,68,68,68,68,68,68,68,68,68,68,68,68,68,68,68,68,68,68,68,68,68,68,68,82,82,82,82,82,82,82,82,82,82,82,82,82,82,82,82,82],"relic_stats":{"Ice Cream":[162],"Darkstone Periapt":0,"Gremlin Horn":[1,1],"counters":[28,114],"Yang":[188],"Eternal Feather":50,"Pen Nib":[8],"Bag of Preparation":[48],"Orichalcum":[132],"White Beast Statue":[0.0,0.0,0.0,0.4,0.0,0.6000000000000001,0.0,0.0,0.0,0.0,0.0,9.731612160000003],"Lizard Tail":41,"Shovel":6,"Kunai":[16],"PureWater":[15],"obtain_stats":[{"Ice Cream":24,"Darkstone Periapt":40,"Lantern":46,"NeowsBlessing":0,"Gremlin Horn":52,"SacredBark":34,"Oddly Smooth Stone":26,"Yang":25,"Eternal Feather":29,"Mango":39,"Pen Nib":41,"Incense Burner":8,"Bag of Preparation":12,"Orichalcum":6,"White Beast Statue":9,"Du-Vu Doll":19,"Lizard Tail":10,"Shovel":23,"Coffee Dripper":17,"Bag of Marbles":54,"Kunai":44,"PureWater":0,"Toxic Egg 2":32,"Toy Ornithopter":37},{"Ice Cream":13,"Darkstone Periapt":21,"Lantern":23,"NeowsBlessing":0,"Gremlin Horn":26,"SacredBark":17,"Oddly Smooth Stone":14,"Yang":14,"Eternal Feather":15,"Mango":21,"Pen Nib":22,"Incense Burner":4,"Bag of Preparation":7,"Orichalcum":3,"White Beast Statue":4,"Du-Vu Doll":10,"Lizard Tail":5,"Shovel":13,"Coffee Dripper":9,"Bag of Marbles":27,"Kunai":23,"PureWater":0,"Toxic Egg 2":16,"Toy Ornithopter":19},{"Ice Cream":41,"Darkstone Periapt":76,"Lantern":85,"NeowsBlessing":0,"Gremlin Horn":100,"SacredBark":64,"Oddly Smooth Stone":45,"Yang":45,"Eternal Feather":49,"Mango":76,"Pen Nib":82,"Incense Burner":8,"Bag of Preparation":22,"Orichalcum":3,"White Beast Statue":8,"Du-Vu Doll":31,"Lizard Tail":11,"Shovel":41,"Coffee Dripper":26,"Bag of Marbles":109,"Kunai":85,"PureWater":0,"Toxic Egg 2":56,"Toy Ornithopter":68}],"Toy Ornithopter":43},"card_choices":[{"not_picked":["WindmillStrike","TalkToTheHand","Evaluate"],"picked":"SKIP","floor":1.0},{"not_picked":["SignatureMove","Perseverance"],"picked":"EmptyFist","floor":5.0},{"not_picked":["JustLucky","Wireheading"],"picked":"WindmillStrike","floor":6.0},{"not_picked":["Protect","Perseverance","EmptyFist"],"picked":"SKIP","floor":8.0},{"not_picked":["EmptyBody","FlurryOfBlows"],"picked":"LessonLearned","floor":10.0},{"not_picked":["JustLucky","PathToVictory"],"picked":"CutThroughFate","floor":11.0},{"not_picked":["Prostrate","JustLucky"],"picked":"DeusExMachina","floor":12.0},{"not_picked":["Prostrate","SignatureMove","Halt"],"picked":"SKIP","floor":14.0},{"not_picked":["Wish","SpiritShield"],"picked":"Vault","floor":16.0},{"not_picked":["Prostrate","Perseverance"],"picked":"CrushJoints","floor":18.0},{"not_picked":["EmptyFist","Perseverance","Prostrate"],"picked":"SKIP","floor":21.0},{"not_picked":["FlyingSleeves","BattleHymn"],"picked":"InnerPeace+1","floor":22.0},{"not_picked":["Halt","Conclude"],"picked":"EmptyBody","floor":23.0},{"not_picked":["Protect","ForeignInfluence+1","Vengeance"],"picked":"SKIP","floor":25.0},{"not_picked":["Weave","EmptyBody","CarveReality"],"picked":"SKIP","floor":29.0},{"not_picked":["Crescendo","CutThroughFate","FlurryOfBlows"],"picked":"SKIP","floor":30.0},{"not_picked":["MasterReality","Omniscience+1"],"picked":"Establishment","floor":33.0},{"not_picked":["FollowUp","Study","Conclude"],"picked":"SKIP","floor":35.0},{"not_picked":["WreathOfFlame+1","Crescendo+1","EmptyFist+1"],"picked":"SKIP","floor":36.0},{"not_picked":["ThirdEye+1","Indignation+1","BowlingBash"],"picked":"SKIP","floor":38.0},{"not_picked":["Establishment","PathToVictory+1"],"picked":"MentalFortress","floor":41.0},{"not_picked":["Consecrate","Worship+1","Conclude"],"picked":"SKIP","floor":42.0},{"not_picked":["EmptyFist+1","ClearTheMind+1","CutThroughFate"],"picked":"SKIP","floor":47.0},{"not_picked":["Establishment","WreathOfFlame+1","TalkToTheHand"],"picked":"SKIP","floor":48.0},{"not_picked":["FollowUp+1","Crescendo+1"],"picked":"Wallop","floor":54.0}],"player_experience":736458,"relics_obtained":[{"floor":6.0,"key":"Orichalcum"},{"floor":8.0,"key":"Incense Burner"},{"floor":9.0,"key":"White Beast Statue"},{"floor":10.0,"key":"Lizard Tail"},{"floor":12.0,"key":"Bag of Preparation"},{"floor":23.0,"key":"Shovel"},{"floor":24.0,"key":"Ice Cream"},{"floor":25.0,"key":"Yang"},{"floor":26.0,"key":"Oddly Smooth Stone"},{"floor":29.0,"key":"Eternal Feather"},{"floor":32.0,"key":"Toxic Egg 2"},{"floor":39.0,"key":"Mango"},{"floor":40.0,"key":"Darkstone Periapt"},{"floor":41.0,"key":"Pen Nib"},{"floor":44.0,"key":"Kunai"},{"floor":46.0,"key":"Lantern"},{"floor":52.0,"key":"Gremlin Horn"},{"floor":54.0,"key":"Bag of Marbles"}],"event_choices":[{"damage_healed":0.0,"max_hp_gain":0.0,"max_hp_loss":0.0,"gold_gain":0.0,"event_name":"Shining Light","player_choice":"Entered Light","floor":4.0,"gold_loss":0.0,"damage_taken":20.0,"cards_upgraded":["Strike_P","Defend_P"]},{"damage_healed":0.0,"max_hp_gain":0.0,"max_hp_loss":0.0,"gold_gain":0.0,"event_name":"Addict","player_choice":"Obtained Relic","floor":19.0,"gold_loss":85.0,"damage_taken":0.0,"relics_obtained":["Du-Vu Doll"]},{"damage_healed":0.0,"max_hp_gain":0.0,"max_hp_loss":0.0,"gold_gain":0.0,"event_name":"The Mausoleum","player_choice":"Ignored","floor":27.0,"gold_loss":0.0,"damage_taken":0.0},{"damage_healed":0.0,"max_hp_gain":0.0,"max_hp_loss":0.0,"gold_gain":0.0,"event_name":"Mysterious Sphere","player_choice":"Fight","floor":39.0,"gold_loss":0.0,"damage_taken":0.0},{"damage_healed":0.0,"max_hp_gain":0.0,"max_hp_loss":0.0,"gold_gain":0.0,"event_name":"Winding Halls","player_choice":"Embrace Madness","floor":45.0,"gold_loss":0.0,"damage_taken":15.0,"cards_obtained":["Madness","Madness"]}],"is_beta":false,"boss_relics":[{"not_picked":["Tiny House","Velvet Choker"],"picked":"Coffee Dripper"},{"not_picked":["Astrolabe","Calling Bell"],"picked":"SacredBark"}],"items_purged_floors":[2,20,28,53],"is_endless":false,"potions_floor_spawned":[1,8,10,11,12,14,16,18,21,22,23,25,29,30,33,35,36,38,39,41,42,47,48,54],"killed_by":"The Heart","ascension_level":18}