{"gold_per_floor":[109,123,48,48,48,73,91,91,118,136,153,180,105,139,139,218,218,230,230,150,163,179,179,190,218,218,238,264,264,264,75,75,151,151,169,194,194,194,16,47,47,72,99,118,151,161,179,196,196,196,196,196,31,64,64],"floor_reached":56,"playtime":2333,"items_purged":["Strike_P","Strike_P","Strike_P+1","Defend_P+1"],"score":2376,"play_id":"bdc20a92-0d21-4189-8e6c-15f44e4a8abb","local_time":"20240601233157","is_ascension_mode":true,"campfire_choices":[{"data":"Eruption","floor":8.0,"key":"SMITH"},{"floor":15.0,"key":"REST"},{"floor":23.0,"key":"REST"},{"data":"Vault","floor":30,"key":"SMITH"},{"data":"Adaptation","floor":32,"key":"SMITH"},{"data":"MentalFortress","floor":41,"key":"SMITH"},{"floor":49,"key":"RECALL"},{"data":"TalkToTheHand","floor":52,"key":"SMITH"}],"neow_cost":"NONE","seed_source_timestamp":3171960980400,"circlet_count":0,"master_deck":["AscendersBane","Defend_P+1","Eruption+1","Vigilance+1","Tantrum+1","Consecrate+1","EmptyFist+1","Adaptation+1","Wallop+1","TalkToTheHand+1","EmptyMind+1","LessonLearned+1","FearNoEvil+1","Vault+1","Adaptation+1","Vault+1","Scrawl+1","PanicButton+1","MentalFortress+1"],"special_seed":0,"relics":["PureWater","Regal Pillow","Strawberry","The Courier","VioletLotus","Nloth\u0027s Gift","Letter Opener","Meat on the Bone","Thread and Needle","Medical Kit","Torii","Bottled Tornado","Bird Faced Urn","Toy Ornithopter","Bronze Scales","Centennial Puzzle"],"potions_floor_usage":[36,37,50,55,55],"damage_taken":[{"damage":0.0,"enemies":"Small Slimes","floor":1.0,"turns":1.0},{"damage":0.0,"enemies":"Jaw Worm","floor":2.0,"turns":1.0},{"damage":0.0,"enemies":"Gremlin Nob","floor":6.0,"turns":1.0},{"damage":4.0,"enemies":"Cultist","floor":7.0,"turns":4.0},{"damage":0.0,"enemies":"3 Louse","floor":10.0,"turns":2.0},{"damage":11.0,"enemies":"Exordium Wildlife","floor":11.0,"turns":2.0},{"damage":16.0,"enemies":"Lagavulin","floor":12.0,"turns":7.0},{"damage":26.0,"enemies":"Gremlin Nob","floor":14.0,"turns":4.0},{"damage":45.0,"enemies":"The Guardian","floor":16.0,"turns":13.0},{"damage":20.0,"enemies":"Shell Parasite","floor":18.0,"turns":6.0},{"damage":19.0,"enemies":"3 Byrds","floor":21.0,"turns":4.0},{"damage":14.0,"enemies":"Centurion and Healer","floor":22.0,"turns":6.0},{"damage":0.0,"enemies":"Chosen and Byrds","floor":24.0,"turns":4.0},{"damage":0.0,"enemies":"Gremlin Leader","floor":25.0,"turns":5.0},{"damage":16,"enemies":"Sentry and Sphere","floor":27,"turns":5},{"damage":16,"enemies":"Book of Stabbing","floor":28,"turns":6},{"damage":2,"enemies":"Champ","floor":33,"turns":8},{"damage":7,"enemies":"Orb Walker","floor":35,"turns":3},{"damage":16,"enemies":"Mind Bloom Boss Battle","floor":36,"turns":10},{"damage":0,"enemies":"3 Shapes","floor":37,"turns":5},{"damage":13,"enemies":"Reptomancer","floor":40,"turns":7},{"damage":0,"enemies":"Giant Head","floor":42,"turns":5},{"damage":0,"enemies":"3 Darklings","floor":44,"turns":5},{"damage":0,"enemies":"Reptomancer","floor":45,"turns":5},{"damage":1,"enemies":"Transient","floor":46,"turns":6},{"damage":1,"enemies":"Writhing Mass","floor":47,"turns":6},{"damage":0,"enemies":"Maw","floor":48,"turns":4},{"damage":7,"enemies":"Donu and Deca","floor":50,"turns":7},{"damage":0,"enemies":"Shield and Spear","floor":54,"turns":4},{"damage":50,"enemies":"The Heart","floor":55,"turns":8}],"seed_played":"-6203932353616424148","potions_obtained":[{"floor":2.0,"key":"Strength Potion"},{"floor":6.0,"key":"Fruit Juice"},{"floor":10.0,"key":"Energy Potion"},{"floor":16.0,"key":"PowerPotion"},{"floor":21.0,"key":"SmokeBomb"},{"floor":22.0,"key":"ColorlessPotion"},{"floor":24.0,"key":"Swift Potion"},{"floor":28,"key":"LiquidMemories"},{"floor":42,"key":"Block Potion"},{"floor":44,"key":"Regen Potion"},{"floor":54,"key":"Block Potion"}],"is_trial":false,"path_per_floor":["M","M","$","?","$","E","M","R","T","M","M","E","?","E","R","B",null,"M","?","$","M","M","R","M","E","T","M","E","?","R","$","R","B",null,"M","?","M","?","$","E","R","E","T","M","E","M","M","M","R","B",null,"R","$","E","B",null],"character_chosen":"WATCHER","basemod:card_modifiers":[null,null,null,null,null,null,null,null,null,null,null,null,null,null,null,null,null,null,null],"items_purchased":["Adaptation","Medical Kit","PanicButton","Swift Potion"],"campfire_rested":2,"item_purchase_floors":[31,31,39,53],"current_hp_per_floor":[61,61,61,61,61,61,57,57,57,62,51,42,42,16,55,10,63,43,43,43,24,10,49,49,49,49,45,41,41,41,41,41,51,73,66,50,50,50,50,49,49,49,49,55,61,66,71,77,77,78,80,80,80,80,47],"gold":64,"neow_bonus":"THREE_ENEMY_KILL","is_prod":false,"is_daily":false,"chose_seed":false,"campfire_upgraded":5,"win_rate":0,"timestamp":1717252317,"path_taken":["M","M","$","?","$","E","M","R","T","M","M","E","?","E","R","BOSS","M","?","$","M","M","R","M","E","T","?","E","?","R","?","R","BOSS","M","?","M","?","$","E","R","E","T","M","E","?","M","M","R","BOSS","R","$","E","BOSS"],"build_version":"2022-12-18","purchased_purges":4,"victory":true,"max_hp_per_floor":[68,68,68,68,68,68,68,68,68,73,73,80,80,80,80,80,80,80,80,80,80,80,80,80,80,80,80,80,80,80,80,80,80,80,80,80,80,80,80,80,80,80,80,80,80,80,80,80,80,80,80,80,80,80,80],"relic_stats":{"Regal Pillow":30,"Torii":23,"counters":[30,154],"The Courier":153,"Letter Opener":[174],"Bottled Tornado":"Adaptation","Medical Kit":[5],"Centennial Puzzle":[3],"Bird Faced Urn":[36],"Bronze Scales":[81],"VioletLotus":[182],"Nloth\u0027s Gift":10,"PureWater":[24],"obtain_stats":[{"Regal Pillow":6,"NeowsBlessing":0,"Torii":36,"Thread and Needle":28,"The Courier":14,"Letter Opener":25,"Bottled Tornado":40,"Medical Kit":31,"Centennial Puzzle":54,"Strawberry":12,"Bird Faced Urn":42,"Bronze Scales":45,"VioletLotus":17,"Nloth\u0027s Gift":19,"PureWater":0,"Toy Ornithopter":43,"Meat on the Bone":26},{"Regal Pillow":3,"NeowsBlessing":0,"Torii":19,"Thread and Needle":16,"The Courier":8,"Letter Opener":14,"Bottled Tornado":21,"Medical Kit":16,"Centennial Puzzle":29,"Strawberry":7,"Bird Faced Urn":22,"Bronze Scales":24,"VioletLotus":9,"Nloth\u0027s Gift":10,"PureWater":0,"Toy Ornithopter":22,"Meat on the Bone":14},{"Regal Pillow":3,"NeowsBlessing":0,"Torii":92,"Thread and Needle":71,"The Courier":22,"Letter Opener":60,"Bottled Tornado":104,"Medical Kit":71,"Centennial Puzzle":146,"Strawberry":18,"Bird Faced Urn":109,"Bronze Scales":119,"VioletLotus":35,"Nloth\u0027s Gift":41,"PureWater":0,"Toy Ornithopter":109,"Meat on the Bone":60}],"Toy Ornithopter":7,"Meat on the Bone":60},"card_choices":[{"not_picked":["FlyingSleeves","SandsOfTime"],"picked":"Tantrum","floor":1.0},{"not_picked":["Halt","WreathOfFlame"],"picked":"Consecrate","floor":2.0},{"not_picked":["CutThroughFate","Weave"],"picked":"EmptyFist","floor":6.0},{"not_picked":["Evaluate","PathToVictory"],"picked":"Adaptation","floor":7.0},{"not_picked":["Perseverance","CarveReality"],"picked":"Wallop","floor":10.0},{"not_picked":["Protect","SashWhip"],"picked":"TalkToTheHand","floor":11.0},{"not_picked":["Wireheading","JustLucky"],"picked":"EmptyMind","floor":12.0},{"not_picked":["SashWhip","EmptyFist","Nirvana"],"picked":"SKIP","floor":14.0},{"not_picked":["Devotion","Alpha"],"picked":"LessonLearned","floor":16.0},{"not_picked":["Conclude","BattleHymn"],"picked":"FearNoEvil+1","floor":18.0},{"not_picked":["FollowUp","EmptyFist","Halt"],"picked":"SKIP","floor":21.0},{"not_picked":["Blasphemy","Protect+1"],"picked":"Vault","floor":22.0},{"not_picked":["Evaluate","Crescendo","Prostrate"],"picked":"SKIP","floor":24.0},{"not_picked":["Crescendo","Halt+1","Nirvana"],"picked":"SKIP","floor":25.0},{"not_picked":["Protect","Brilliance","PathToVictory"],"picked":"SKIP","floor":27},{"not_picked":["WaveOfTheHand","DeceiveReality+1","Collect"],"picked":"SKIP","floor":28},{"not_picked":["Ragnarok","Judgement"],"picked":"Vault","floor":33},{"not_picked":["CrushJoints","SandsOfTime+1","Weave"],"picked":"SKIP","floor":35},{"not_picked":["CrushJoints","Halt"],"picked":"Scrawl","floor":36},{"not_picked":["Pray+1","Brilliance"],"picked":"MentalFortress","floor":40},{"not_picked":["Evaluate+1","ThirdEye","WreathOfFlame"],"picked":"SKIP","floor":42},{"not_picked":["Halt","Wish","Vengeance"],"picked":"SKIP","floor":44},{"not_picked":["Scrawl","ConjureBlade","SashWhip"],"picked":"SKIP","floor":45},{"not_picked":["Swivel","Weave","FlurryOfBlows+1"],"picked":"SKIP","floor":46},{"not_picked":["Wireheading","DeceiveReality","EmptyBody"],"picked":"SKIP","floor":47},{"not_picked":["SandsOfTime+1","InnerPeace","Blasphemy"],"picked":"SKIP","floor":48},{"not_picked":["Brilliance","Weave","BattleHymn"],"picked":"SKIP","floor":54}],"player_experience":730198,"relics_obtained":[{"floor":6.0,"key":"Regal Pillow"},{"floor":12.0,"key":"Strawberry"},{"floor":14.0,"key":"The Courier"},{"floor":25.0,"key":"Letter Opener"},{"floor":26.0,"key":"Meat on the Bone"},{"floor":28,"key":"Thread and Needle"},{"floor":36,"key":"Torii"},{"floor":40,"key":"Bottled Tornado"},{"floor":42,"key":"Bird Faced Urn"},{"floor":43,"key":"Toy Ornithopter"},{"floor":45,"key":"Bronze Scales"},{"floor":54,"key":"Centennial Puzzle"}],"event_choices":[{"cards_removed":["Defend_P"],"damage_healed":0.0,"max_hp_gain":0.0,"max_hp_loss":0.0,"gold_gain":0.0,"event_name":"Living Wall","player_choice":"Forget","floor":4.0,"gold_loss":0.0,"damage_taken":0.0},{"cards_removed":["Defend_P"],"damage_healed":0.0,"max_hp_gain":0.0,"max_hp_loss":0.0,"gold_gain":0.0,"event_name":"The Cleric","player_choice":"Card Removal","floor":13.0,"gold_loss":75.0,"damage_taken":0.0},{"damage_healed":0.0,"max_hp_gain":0.0,"max_hp_loss":0.0,"gold_gain":0.0,"event_name":"N\u0027loth","player_choice":"Traded Relic","floor":19.0,"relics_lost":["NeowsBlessing"],"gold_loss":0.0,"damage_taken":0.0,"relics_obtained":["Nloth\u0027s Gift"]},{"damage_healed":0,"gold_gain":0,"player_choice":"Ignored","damage_taken":0,"max_hp_gain":0,"max_hp_loss":0,"event_name":"Ghosts","floor":29,"gold_loss":0},{"damage_healed":0,"gold_gain":0,"player_choice":"Fight","damage_taken":0,"max_hp_gain":0,"max_hp_loss":0,"event_name":"MindBloom","floor":36,"gold_loss":0},{"cards_removed":["Strike_P"],"damage_healed":0,"gold_gain":0,"player_choice":"Offered Basic","damage_taken":0,"max_hp_gain":0,"max_hp_loss":0,"event_name":"Bonfire Elementals","floor":38,"gold_loss":0}],"is_beta":false,"boss_relics":[{"not_picked":["SlaversCollar","SacredBark"],"picked":"VioletLotus"},{"not_picked":["Calling Bell","Velvet Choker","Busted Crown"]}],"items_purged_floors":[3,20,39,53],"is_endless":false,"potions_floor_spawned":[2,6,10,16,21,22,24,28,37,42,44,46,48,54],"ascension_level":17}