{"gold_per_floor":[20,20,34,44,44,73,73,91,114,126,51,51,86,99,99,176,176,188,203,217,217,4,4,23,52,52,72,72,101,101,112,112,186,186,203,214,232,232,232,232],"floor_reached":40,"playtime":1511,"items_purged":["Defend_G"],"score":980,"play_id":"e75df2d1-ac34-440f-adfb-ffbbbeea407d","local_time":"20240609230649","is_ascension_mode":true,"campfire_choices":[{"data":"Bouncing Flask","floor":7.0,"key":"SMITH"},{"data":"Footwork","floor":12.0,"key":"SMITH"},{"data":"Well Laid Plans","floor":15.0,"key":"SMITH"},{"data":"Burst","floor":23.0,"key":"SMITH"},{"floor":28.0,"key":"REST"},{"data":"Acrobatics","floor":30.0,"key":"SMITH"},{"floor":32.0,"key":"REST"}],"neow_cost":"NO_GOLD","seed_source_timestamp":0,"circlet_count":0,"master_deck":["AscendersBane","Strike_G","Strike_G","Defend_G","Defend_G","Defend_G","Defend_G","Survivor","Neutralize","The Bomb","Bouncing Flask+1","Well Laid Plans+1","Blade Dance","Footwork+1","Backflip","Flechettes","Deflect+1","Burst+1","Escape Plan+1","Acrobatics+1","CurseOfTheBell","Catalyst","Acrobatics"],"special_seed":0,"relics":["Ring of the Snake","Snake Skull","MealTicket","Strawberry","Philosopher\u0027s Stone","Lantern","InkBottle","PreservedInsect","Calling Bell","Blood Vial","Sundial","Calipers"],"potions_floor_usage":[],"damage_taken":[{"damage":0.0,"enemies":"Jaw Worm","floor":1.0,"turns":7.0},{"damage":7.0,"enemies":"Small Slimes","floor":3.0,"turns":4.0},{"damage":8.0,"enemies":"Cultist","floor":4.0,"turns":4.0},{"damage":17.0,"enemies":"3 Sentries","floor":6.0,"turns":5.0},{"damage":0.0,"enemies":"2 Fungi Beasts","floor":8.0,"turns":4.0},{"damage":1.0,"enemies":"Large Slime","floor":10.0,"turns":4.0},{"damage":0.0,"enemies":"Lagavulin","floor":13.0,"turns":5.0},{"damage":4.0,"enemies":"Exordium Wildlife","floor":14.0,"turns":6.0},{"damage":11.0,"enemies":"The Guardian","floor":16.0,"turns":10.0},{"damage":1.0,"enemies":"Spheric Guardian","floor":18.0,"turns":3.0},{"damage":10.0,"enemies":"3 Byrds","floor":19.0,"turns":3.0},{"damage":14.0,"enemies":"Centurion and Healer","floor":20.0,"turns":8.0},{"damage":22.0,"enemies":"Snake Plant","floor":24.0,"turns":4.0},{"damage":14.0,"enemies":"Gremlin Leader","floor":25.0,"turns":6.0},{"damage":5.0,"enemies":"Chosen and Byrds","floor":27.0,"turns":5.0},{"damage":0.0,"enemies":"Book of Stabbing","floor":29.0,"turns":5.0},{"damage":25.0,"enemies":"Cultist and Chosen","floor":31.0,"turns":4.0},{"damage":12.0,"enemies":"Champ","floor":33.0,"turns":10.0},{"damage":4.0,"enemies":"3 Shapes","floor":35.0,"turns":6.0},{"damage":31.0,"enemies":"3 Darklings","floor":36.0,"turns":7.0},{"damage":14.0,"enemies":"Sphere and 2 Shapes","floor":37.0,"turns":8.0},{"damage":37,"enemies":"Nemesis","floor":40,"turns":2}],"seed_played":"2853832023532697923","potions_obtained":[{"floor":3.0,"key":"ColorlessPotion"},{"floor":4.0,"key":"Block Potion"},{"floor":8.0,"key":"Dexterity Potion"},{"floor":13.0,"key":"DuplicationPotion"},{"floor":20.0,"key":"Energy Potion"},{"floor":25.0,"key":"SpeedPotion"},{"floor":27.0,"key":"Block Potion"},{"floor":29.0,"key":"AttackPotion"},{"floor":33.0,"key":"Block Potion"},{"floor":37.0,"key":"Fire Potion"}],"is_trial":false,"path_per_floor":["M","?","M","M","?","E","R","M","T","M","$","R","E","M","R","B",null,"M","M","M","?","$","R","M","E","T","M","R","E","R","M","R","B",null,"M","M","M","?","?","E"],"character_chosen":"THE_SILENT","basemod:card_modifiers":[null,null,null,null,null,null,null,null,null,null,null,null,null,null,null,null,null,null,null,null,null,null,null],"items_purchased":["Burst","Weak Potion"],"campfire_rested":2,"item_purchase_floors":[22,22],"current_hp_per_floor":[59,59,52,44,66,49,49,49,49,48,63,63,70,66,66,55,69,68,58,44,44,59,59,37,23,23,18,39,39,39,14,35,23,61,59,30,18,18,18,0],"gold":232,"neow_bonus":"RANDOM_COLORLESS_2","is_prod":false,"is_daily":false,"chose_seed":false,"campfire_upgraded":5,"win_rate":0,"timestamp":1717942009,"path_taken":["M","?","M","M","?","E","R","?","T","M","?","R","E","M","R","BOSS","M","M","M","?","$","R","M","E","T","M","R","E","R","M","R","BOSS","M","M","M","?","?","E"],"build_version":"2022-12-18","purchased_purges":1,"victory":false,"max_hp_per_floor":[66,66,66,66,66,66,66,66,66,66,66,66,73,73,73,73,73,73,73,73,73,73,73,73,73,73,73,73,73,73,73,73,73,73,73,73,73,73,73,73],"relic_stats":{"Blood Vial":8,"Calipers":[2],"counters":[22,120],"Sundial":[4],"MealTicket":30,"Snake Skull":[134],"PreservedInsect":50,"obtain_stats":[{"Calling Bell":34,"Blood Vial":34,"Lantern":25,"Calipers":34,"Sundial":34,"Strawberry":13,"MealTicket":9,"Philosopher\u0027s Stone":17,"Snake Skull":6,"PreservedInsect":29,"InkBottle":26,"Ring of the Snake":0},{"Calling Bell":18,"Blood Vial":18,"Lantern":14,"Calipers":18,"Sundial":18,"Strawberry":7,"MealTicket":5,"Philosopher\u0027s Stone":9,"Snake Skull":4,"PreservedInsect":16,"InkBottle":14,"Ring of the Snake":0},{"Calling Bell":97,"Blood Vial":97,"Lantern":73,"Calipers":97,"Sundial":97,"Strawberry":33,"MealTicket":24,"Philosopher\u0027s Stone":49,"Snake Skull":20,"PreservedInsect":83,"InkBottle":73,"Ring of the Snake":0}],"InkBottle":[27],"Ring of the Snake":[44]},"card_choices":[{"not_picked":["Thinking Ahead","Secret Technique"],"picked":"The Bomb","floor":0.0},{"not_picked":["Setup","Poisoned Stab"],"picked":"Bouncing Flask","floor":1.0},{"not_picked":["Dagger Throw","Outmaneuver"],"picked":"Well Laid Plans","floor":3.0},{"not_picked":["Prepared","Bane"],"picked":"Blade Dance","floor":4.0},{"not_picked":["Flying Knee","Tools of the Trade"],"picked":"Footwork","floor":6.0},{"not_picked":["Riddle With Holes","Deflect"],"picked":"Backflip","floor":8.0},{"not_picked":["Heel Hook","Bane","Blade Dance"],"picked":"SKIP","floor":10.0},{"not_picked":["PiercingWail","Quick Slash","Infinite Blades"],"picked":"SKIP","floor":13.0},{"not_picked":["Well Laid Plans","Dodge and Roll","Outmaneuver"],"picked":"SKIP","floor":14.0},{"not_picked":["Tactician","Flying Knee"],"picked":"Flechettes","floor":18.0},{"not_picked":["Deflect","Caltrops","Flechettes"],"picked":"SKIP","floor":19.0},{"not_picked":["Reflex","Quick Slash"],"picked":"Deflect+1","floor":20.0},{"not_picked":["Deflect","Underhanded Strike","Backstab"],"picked":"SKIP","floor":24.0},{"not_picked":["Cloak And Dagger","PiercingWail"],"picked":"Escape Plan+1","floor":25.0},{"not_picked":["Outmaneuver+1","Quick Slash"],"picked":"Acrobatics","floor":27.0},{"not_picked":["All Out Attack","Caltrops","Skewer"],"picked":"SKIP","floor":29.0},{"not_picked":["Poisoned Stab","Eviscerate","Slice"],"picked":"SKIP","floor":31.0},{"not_picked":["Noxious Fumes","Deadly Poison+1"],"picked":"Catalyst","floor":35.0},{"not_picked":["Deflect","Dodge and Roll","Bouncing Flask"],"picked":"SKIP","floor":36.0},{"not_picked":["Calculated Gamble","Deflect"],"picked":"Acrobatics","floor":37.0}],"player_experience":738421,"relics_obtained":[{"floor":6.0,"key":"Snake Skull"},{"floor":9.0,"key":"MealTicket"},{"floor":13.0,"key":"Strawberry"},{"floor":25.0,"key":"Lantern"},{"floor":26.0,"key":"InkBottle"},{"floor":29.0,"key":"PreservedInsect"},{"floor":34.0,"key":"Blood Vial"},{"floor":34.0,"key":"Sundial"},{"floor":34.0,"key":"Calipers"}],"event_choices":[{"cards_removed":["Strike_G"],"damage_healed":0.0,"max_hp_gain":0.0,"max_hp_loss":0.0,"gold_gain":0.0,"event_name":"Living Wall","player_choice":"Forget","floor":2.0,"gold_loss":0.0,"damage_taken":0.0},{"damage_healed":22.0,"max_hp_gain":0.0,"max_hp_loss":0.0,"gold_gain":0.0,"event_name":"Big Fish","player_choice":"Banana","floor":5.0,"gold_loss":0.0,"damage_taken":0.0},{"damage_healed":0.0,"max_hp_gain":0.0,"max_hp_loss":0.0,"gold_gain":0.0,"event_name":"Vampires","player_choice":"Ignored","floor":21.0,"gold_loss":0.0,"damage_taken":0.0},{"cards_removed":["Strike_G"],"damage_healed":0.0,"max_hp_gain":0.0,"max_hp_loss":0.0,"gold_gain":0.0,"event_name":"Falling","player_choice":"Removed Attack","floor":38.0,"gold_loss":0.0,"damage_taken":0.0},{"cards_removed":["Strike_G"],"damage_healed":0.0,"max_hp_gain":0.0,"max_hp_loss":0.0,"gold_gain":0.0,"event_name":"Bonfire Elementals","player_choice":"Offered Basic","floor":39.0,"gold_loss":0.0,"damage_taken":0.0}],"is_beta":false,"boss_relics":[{"not_picked":["Snecko Eye","HoveringKite"],"picked":"Philosopher\u0027s Stone"},{"not_picked":["Runic Dome","SacredBark"],"picked":"Calling Bell"}],"items_purged_floors":[11],"is_endless":false,"potions_floor_spawned":[3,4,8,13,20,25,27,29,33,37],"killed_by":"Nemesis","ascension_level":20}