{"gold_per_floor":[363,363,89,31,43,43,75,21,21,53,68,68,86,86,86,161,161,179,189,189,207,257,282,21,54,54,54,70,88,117,128,128,199,199,209,25,80,92,92,121,121,121,121,137,172,191,221,33,33,33,33,33,33,33,63,63],"floor_reached":57,"playtime":2485,"items_purged":["Strike_G","Distraction"],"score":3166,"play_id":"39ec9cc4-1702-4ebf-a030-17e0e27fb6e1","local_time":"20240531221928","is_ascension_mode":true,"campfire_choices":[{"data":"Deadly Poison","floor":6.0,"key":"SMITH"},{"data":"Blade Dance","floor":12.0,"key":"SMITH"},{"data":"Reflex","floor":15.0,"key":"SMITH"},{"data":"Apotheosis","floor":27.0,"key":"SMITH"},{"floor":32.0,"key":"REST"},{"data":"Tactician","floor":41.0,"key":"SMITH"},{"floor":49.0,"key":"RECALL"},{"data":"Acrobatics","floor":53.0,"key":"SMITH"}],"neow_cost":"TEN_PERCENT_HP_LOSS","seed_source_timestamp":71741169700,"circlet_count":0,"master_deck":["AscendersBane","Survivor","Neutralize","Dagger Throw","Blade Dance+1","Deadly Poison+1","Accuracy","Reflex+1","Terror","Phantasmal Killer","Prepared+1","Acrobatics+1","Backflip","Apotheosis+1","Blade Dance","Venomology","Escape Plan","Burst","Distraction","Catalyst","A Thousand Cuts","Concentrate","Prepared","Tactician+1","Escape Plan","Acrobatics"],"special_seed":0,"relics":["Ring of the Snake","Bag of Marbles","Akabeko","Shuriken","Orichalcum","SacredBark","CaptainsWheel","Centennial Puzzle","Toy Ornithopter","Pandora\u0027s Box","Du-Vu Doll","Lantern","The Courier","Mummified Hand","Question Card","Membership Card","Potion Belt","Lizard Tail"],"potions_floor_usage":[56,56,56,56,56],"damage_taken":[{"damage":2.0,"enemies":"2 Louse","floor":1.0,"turns":5.0},{"damage":0.0,"enemies":"Cultist","floor":5.0,"turns":3.0},{"damage":22.0,"enemies":"Lagavulin","floor":7.0,"turns":6.0},{"damage":3.0,"enemies":"Gremlin Nob","floor":10.0,"turns":3.0},{"damage":0.0,"enemies":"Small Slimes","floor":11.0,"turns":2.0},{"damage":0.0,"enemies":"2 Fungi Beasts","floor":13.0,"turns":2.0},{"damage":7.0,"enemies":"Hexaghost","floor":16.0,"turns":7.0},{"damage":11.0,"enemies":"Chosen","floor":18.0,"turns":4.0},{"damage":14.0,"enemies":"Shell Parasite","floor":19.0,"turns":4.0},{"damage":18.0,"enemies":"Snake Plant","floor":21.0,"turns":2.0},{"damage":0.0,"enemies":"Gremlin Leader","floor":23.0,"turns":5.0},{"damage":12.0,"enemies":"Book of Stabbing","floor":25.0,"turns":2.0},{"damage":4.0,"enemies":"3 Cultists","floor":28.0,"turns":3.0},{"damage":13.0,"enemies":"Snecko","floor":29.0,"turns":3.0},{"damage":0.0,"enemies":"Gremlin Leader","floor":30.0,"turns":5.0},{"damage":0.0,"enemies":"Chosen and Byrds","floor":31.0,"turns":4.0},{"damage":35.0,"enemies":"Automaton","floor":33.0,"turns":9.0},{"damage":7.0,"enemies":"3 Darklings","floor":35.0,"turns":4.0},{"damage":21.0,"enemies":"2 Orb Walkers","floor":37.0,"turns":4.0},{"damage":6.0,"enemies":"Orb Walker","floor":38.0,"turns":2.0},{"damage":0.0,"enemies":"Reptomancer","floor":40.0,"turns":2.0},{"damage":0.0,"enemies":"Jaw Worm Horde","floor":44.0,"turns":2.0},{"damage":10.0,"enemies":"Nemesis","floor":45.0,"turns":3.0},{"damage":0.0,"enemies":"4 Shapes","floor":46.0,"turns":1.0},{"damage":0.0,"enemies":"Reptomancer","floor":47.0,"turns":3.0},{"damage":21.0,"enemies":"Donu and Deca","floor":50.0,"turns":4.0},{"damage":0.0,"enemies":"Awakened One","floor":51.0,"turns":3.0},{"damage":0.0,"enemies":"Shield and Spear","floor":55.0,"turns":1.0},{"damage":53,"enemies":"The Heart","floor":56,"turns":6}],"seed_played":"-3937496120295176585","potions_obtained":[{"floor":10.0,"key":"Poison Potion"},{"floor":13.0,"key":"FairyPotion"},{"floor":18.0,"key":"SpeedPotion"},{"floor":23.0,"key":"EntropicBrew"},{"floor":25.0,"key":"GamblersBrew"},{"floor":33.0,"key":"SmokeBomb"},{"floor":35.0,"key":"LiquidBronze"},{"floor":46.0,"key":"Strength Potion"},{"floor":47.0,"key":"GamblersBrew"},{"floor":55.0,"key":"Weak Potion"}],"is_trial":false,"path_per_floor":["M","?","$","?","M","R","E","?","T","E","M","R","M","$","R","B",null,"M","M","?","M","?","E","$","E","T","R","M","M","E","M","R","B",null,"M","$","?","M","?","E","R","?","T","M","E","M","E","$","R","B","B",null,"R","$","E","B",null],"character_chosen":"THE_SILENT","basemod:card_modifiers":[null,null,null,null,null,null,null,null,null,null,null,null,null,null,null,null,null,null,null,null,null,null,null,null,null,null],"items_purchased":["Blade Dance","Deadly Poison","Accuracy","Apotheosis","Blade Dance","Regen Potion","Membership Card","Potion Belt"],"campfire_rested":1,"item_purchase_floors":[3,3,3,24,24,36,48,48],"current_hp_per_floor":[57,50,50,50,50,50,28,28,28,25,25,25,25,25,25,18,50,39,25,25,7,7,7,7,36,36,36,32,19,19,19,37,17,49,42,42,60,59,57,57,57,57,57,57,47,52,57,57,57,36,36,52,52,52,57,29],"gold":63,"neow_bonus":"TWO_FIFTY_GOLD","is_prod":false,"is_daily":false,"chose_seed":false,"campfire_upgraded":6,"win_rate":0,"timestamp":1717161568,"path_taken":["M","?","$","?","?","R","E","?","T","E","M","R","M","$","R","BOSS","M","M","?","M","?","E","$","E","T","R","M","M","E","M","R","BOSS","M","$","?","M","?","E","R","?","T","M","E","M","E","$","R","BOSS","BOSS","R","$","E","BOSS"],"build_version":"2022-12-18","purchased_purges":2,"victory":true,"max_hp_per_floor":[60,60,60,60,60,60,60,60,60,60,60,60,60,60,60,60,60,60,60,60,60,60,60,60,60,60,60,60,60,60,60,60,60,60,60,60,60,60,57,57,57,57,57,57,57,57,57,57,57,57,57,57,57,57,57,57],"relic_stats":{"counters":[29,104],"The Courier":123,"Orichalcum":[168],"Question Card":1,"Centennial Puzzle":[27],"Lizard Tail":0,"Shuriken":[78],"Mummified Hand":[12],"Pandora\u0027s Box":["Distraction","A Thousand Cuts","Catalyst","A Thousand Cuts","Concentrate","Distraction","Prepared","Tactician"],"Membership Card":123,"obtain_stats":[{"Potion Belt":48,"Lantern":40,"SacredBark":17,"The Courier":43,"Orichalcum":10,"Question Card":47,"Akabeko":7,"Du-Vu Doll":37,"CaptainsWheel":23,"Centennial Puzzle":25,"Lizard Tail":55,"Shuriken":9,"Mummified Hand":45,"Pandora\u0027s Box":34,"Bag of Marbles":4,"Membership Card":48,"Toy Ornithopter":30,"Ring of the Snake":0},{"Potion Belt":25,"Lantern":21,"SacredBark":7,"The Courier":21,"Orichalcum":4,"Question Card":25,"Akabeko":3,"Du-Vu Doll":19,"CaptainsWheel":11,"Centennial Puzzle":12,"Lizard Tail":28,"Shuriken":3,"Mummified Hand":23,"Pandora\u0027s Box":17,"Bag of Marbles":1,"Membership Card":25,"Toy Ornithopter":15,"Ring of the Snake":0},{"Potion Belt":90,"Lantern":81,"SacredBark":28,"The Courier":81,"Orichalcum":17,"Question Card":90,"Akabeko":14,"Du-Vu Doll":77,"CaptainsWheel":43,"Centennial Puzzle":45,"Lizard Tail":98,"Shuriken":14,"Mummified Hand":86,"Pandora\u0027s Box":69,"Bag of Marbles":5,"Membership Card":90,"Toy Ornithopter":56,"Ring of the Snake":0}],"Toy Ornithopter":65,"Ring of the Snake":[58]},"card_choices":[{"not_picked":["Slice","Expertise"],"picked":"Dagger Throw","floor":1.0},{"not_picked":["Dagger Throw","Underhanded Strike"],"picked":"Reflex","floor":5.0},{"not_picked":["Blade Dance","Prepared"],"picked":"Terror","floor":7.0},{"not_picked":["Poisoned Stab","Bane","Corpse Explosion"],"picked":"SKIP","floor":10.0},{"not_picked":["Slice","Bouncing Flask","Sucker Punch"],"picked":"SKIP","floor":11.0},{"not_picked":["Predator","Outmaneuver","PiercingWail"],"picked":"SKIP","floor":13.0},{"not_picked":["Die Die Die","Bullet Time"],"picked":"Phantasmal Killer","floor":16.0},{"not_picked":["Caltrops+1","Underhanded Strike","All Out Attack"],"picked":"SKIP","floor":18.0},{"not_picked":["Underhanded Strike","Dagger Spray"],"picked":"Prepared+1","floor":19.0},{"not_picked":["Outmaneuver","Poisoned Stab"],"picked":"Acrobatics","floor":21.0},{"not_picked":["Underhanded Strike+1","Cloak And Dagger"],"picked":"Backflip","floor":23.0},{"not_picked":["Flying Knee","Infinite Blades","Deadly Poison"],"picked":"SKIP","floor":25.0},{"not_picked":["Caltrops","Dagger Spray","Skewer"],"picked":"SKIP","floor":28.0},{"not_picked":["Finisher","Caltrops"],"picked":"Venomology","floor":29.0},{"not_picked":["Dagger Throw+1","Bane","Prepared"],"picked":"SKIP","floor":30.0},{"not_picked":["Deadly Poison","Quick Slash"],"picked":"Escape Plan","floor":31.0},{"not_picked":["Die Die Die","Grand Finale"],"picked":"Burst","floor":33.0},{"not_picked":["Flying Knee","Concentrate","Quick Slash"],"picked":"SKIP","floor":35.0},{"not_picked":["Deadly Poison+1","Flying Knee+1"],"picked":"Escape Plan","floor":38.0},{"not_picked":["All Out Attack","Noxious Fumes"],"picked":"Acrobatics","floor":40.0},{"not_picked":["Grand Finale","Underhanded Strike","Deadly Poison+1"],"picked":"SKIP","floor":44.0},{"not_picked":["Cloak And Dagger","All Out Attack","Terror"],"picked":"SKIP","floor":45.0},{"not_picked":["Outmaneuver","Quick Slash","Noxious Fumes"],"picked":"SKIP","floor":46.0},{"not_picked":["Cloak And Dagger","Dash","Sucker Punch"],"picked":"SKIP","floor":47.0},{"not_picked":["Acrobatics+1","Underhanded Strike+1","Reflex","Noxious Fumes"],"picked":"SKIP","floor":55.0}],"player_experience":719792,"relics_obtained":[{"floor":7.0,"key":"Akabeko"},{"floor":9.0,"key":"Shuriken"},{"floor":10.0,"key":"Orichalcum"},{"floor":23.0,"key":"CaptainsWheel"},{"floor":25.0,"key":"Centennial Puzzle"},{"floor":30.0,"key":"Toy Ornithopter"},{"floor":37.0,"key":"Du-Vu Doll"},{"floor":40.0,"key":"Lantern"},{"floor":43.0,"key":"The Courier"},{"floor":45.0,"key":"Mummified Hand"},{"floor":47.0,"key":"Question Card"},{"floor":55.0,"key":"Lizard Tail"}],"event_choices":[{"cards_removed":["Defend_G"],"damage_healed":0.0,"max_hp_gain":0.0,"max_hp_loss":0.0,"gold_gain":0.0,"event_name":"Golden Wing","player_choice":"Card Removal","floor":2.0,"gold_loss":0.0,"damage_taken":7.0},{"damage_healed":0.0,"max_hp_gain":0.0,"max_hp_loss":0.0,"gold_gain":0.0,"event_name":"WeMeetAgain","player_choice":"Paid Gold","floor":4.0,"gold_loss":58.0,"damage_taken":0.0,"relics_obtained":["Bag of Marbles"]},{"damage_healed":0.0,"max_hp_gain":0.0,"max_hp_loss":0.0,"gold_gain":0.0,"event_name":"World of Goop","player_choice":"Left Gold","floor":8.0,"gold_loss":54.0,"damage_taken":0.0},{"damage_healed":0.0,"max_hp_gain":0.0,"max_hp_loss":0.0,"gold_gain":0.0,"event_name":"Vampires","player_choice":"Ignored","floor":20.0,"gold_loss":0.0,"damage_taken":0.0},{"damage_healed":0.0,"max_hp_gain":0.0,"max_hp_loss":0.0,"gold_gain":50.0,"event_name":"Nest","player_choice":"Stole From Cult","floor":22.0,"gold_loss":0.0,"damage_taken":0.0},{"damage_healed":0.0,"max_hp_gain":0.0,"max_hp_loss":0.0,"gold_gain":0.0,"event_name":"Mysterious Sphere","player_choice":"Fight","floor":37.0,"gold_loss":0.0,"damage_taken":0.0},{"damage_healed":0.0,"max_hp_gain":0.0,"max_hp_loss":3.0,"gold_gain":0.0,"event_name":"Winding Halls","player_choice":"Max HP","floor":39.0,"gold_loss":0.0,"damage_taken":0.0},{"cards_removed":["A Thousand Cuts"],"damage_healed":0.0,"max_hp_gain":0.0,"max_hp_loss":0.0,"gold_gain":0.0,"event_name":"Falling","player_choice":"Removed Power","floor":42.0,"gold_loss":0.0,"damage_taken":0.0}],"is_beta":false,"boss_relics":[{"not_picked":["Ring of the Serpent","Ectoplasm"],"picked":"SacredBark"},{"not_picked":["Tiny House","SlaversCollar"],"picked":"Pandora\u0027s Box"}],"items_purged_floors":[3,36],"is_endless":false,"potions_floor_spawned":[10,13,18,23,25,29,30,33,35,40,45,46,47,55],"ascension_level":20}