{"gold_per_floor":[117,117,134,154,169,198,198,198,198,231,252,91,130,130,130,223,223,236,236,236,301,401,451,482,492,492,522,542,592,169,198,198,272,272,292,342,360,425,139,169,1,31,103,119,169,219,219,246,246,246,246,246,246,25,59,59],"floor_reached":56,"playtime":2188,"items_purged":["Strike_R","Strike_R","Defend_R"],"score":2297,"play_id":"89f22e04-c91b-4d96-958a-0f36885d852d","local_time":"20240601205106","is_ascension_mode":true,"campfire_choices":[{"data":"Whirlwind","floor":7.0,"key":"SMITH"},{"data":"Inflame","floor":15.0,"key":"SMITH"},{"data":"Armaments","floor":32.0,"key":"SMITH"},{"floor":47.0,"key":"RECALL"},{"data":"Barricade","floor":49.0,"key":"SMITH"},{"data":"Exhume","floor":53.0,"key":"SMITH"}],"neow_cost":"NONE","seed_source_timestamp":34045714649299,"circlet_count":0,"master_deck":["AscendersBane","Defend_R","Defend_R","Defend_R","Bash","Whirlwind+1","Thunderclap","Feed","Shrug It Off","Inflame+1","Armaments+1","Corruption","Ghostly Armor","Sword Boomerang","Impervious","Seeing Red+1","Burning Pact","Exhume+1","True Grit+1","Barricade+1","Flash of Steel"],"special_seed":0,"relics":["Burning Blood","NeowsBlessing","HornCleat","Bloody Idol","Shuriken","Mummified Hand","Blood Vial","Runic Pyramid","SsserpentHead","Nunchaku","Mercury Hourglass","Nilry\u0027s Codex","Champion Belt","Letter Opener","SacredBark","Magic Flower","Bag of Preparation","Dream Catcher","Singing Bowl","Medical Kit","Bottled Lightning"],"potions_floor_usage":[56],"damage_taken":[{"damage":0.0,"enemies":"2 Louse","floor":1.0,"turns":2.0},{"damage":0.0,"enemies":"Small Slimes","floor":3.0,"turns":1.0},{"damage":0.0,"enemies":"Cultist","floor":4.0,"turns":1.0},{"damage":0.0,"enemies":"3 Louse","floor":5.0,"turns":1.0},{"damage":55.0,"enemies":"3 Sentries","floor":6.0,"turns":9.0},{"damage":24.0,"enemies":"Gremlin Nob","floor":10.0,"turns":4.0},{"damage":0.0,"enemies":"Lots of Slimes","floor":11.0,"turns":1.0},{"damage":8.0,"enemies":"3 Sentries","floor":13.0,"turns":5.0},{"damage":31.0,"enemies":"Hexaghost","floor":16.0,"turns":9.0},{"damage":13.0,"enemies":"Shell Parasite","floor":18.0,"turns":4.0},{"damage":15.0,"enemies":"Spheric Guardian","floor":21.0,"turns":5.0},{"damage":9.0,"enemies":"Book of Stabbing","floor":24.0,"turns":6.0},{"damage":7.0,"enemies":"Snake Plant","floor":25.0,"turns":5.0},{"damage":3.0,"enemies":"Gremlin Leader","floor":27.0,"turns":4.0},{"damage":17.0,"enemies":"Shelled Parasite and Fungi","floor":28.0,"turns":6.0},{"damage":6.0,"enemies":"Slavers","floor":31.0,"turns":4.0},{"damage":68.0,"enemies":"Collector","floor":33.0,"turns":10.0},{"damage":1.0,"enemies":"Orb Walker","floor":35.0,"turns":5.0},{"damage":0.0,"enemies":"3 Shapes","floor":37.0,"turns":6.0},{"damage":25.0,"enemies":"Jaw Worm Horde","floor":38.0,"turns":4.0},{"damage":6.0,"enemies":"Giant Head","floor":40.0,"turns":6.0},{"damage":6.0,"enemies":"Nemesis","floor":42.0,"turns":7.0},{"damage":3.0,"enemies":"Spire Growth","floor":44.0,"turns":5.0},{"damage":0.0,"enemies":"Reptomancer","floor":48.0,"turns":6.0},{"damage":118.0,"enemies":"Donu and Deca","floor":50.0,"turns":9.0},{"damage":36.0,"enemies":"Time Eater","floor":51.0,"turns":8.0},{"damage":42,"enemies":"Shield and Spear","floor":55,"turns":8},{"damage":92,"enemies":"The Heart","floor":56,"turns":7}],"seed_played":"-4949014117078662205","potions_obtained":[{"floor":1.0,"key":"Energy Potion"},{"floor":6.0,"key":"BloodPotion"},{"floor":11.0,"key":"LiquidBronze"},{"floor":13.0,"key":"SkillPotion"},{"floor":18.0,"key":"Dexterity Potion"},{"floor":25.0,"key":"Block Potion"},{"floor":40.0,"key":"SpeedPotion"},{"floor":42.0,"key":"EssenceOfSteel"},{"floor":44.0,"key":"BloodPotion"}],"is_trial":false,"path_per_floor":["M","?","M","M","M","E","R","?","T","E","M","$","E","?","R","B",null,"M","?","?","M","?","?","E","M","T","E","M","?","$","E","R","B",null,"M","?","M","M","$","E","$","E","T","M","?","?","R","E","R","B","B",null,"R","$","E","B"],"character_chosen":"IRONCLAD","basemod:card_modifiers":[null,null,null,null,null,null,null,null,null,null,null,null,null,null,null,null,null,null,null,null,null],"items_purchased":["Inflame","Champion Belt","Barricade","Bag of Preparation","Medical Kit","Block Potion"],"campfire_rested":0,"item_purchase_floors":[12,30,39,41,54,54],"current_hp_per_floor":[74,79,80,80,80,34,34,34,34,16,22,22,38,38,38,15,62,57,57,57,54,54,54,61,71,71,81,80,64,64,77,77,22,79,95,100,106,98,98,109,109,116,116,120,120,110,110,126,126,91,67,111,111,111,88,0],"gold":59,"neow_bonus":"THREE_ENEMY_KILL","is_prod":false,"is_daily":false,"chose_seed":false,"campfire_upgraded":5,"win_rate":0,"timestamp":1717242666,"path_taken":["M","?","M","M","M","E","R","?","T","E","M","$","E","?","R","BOSS","M","?","?","?","?","?","E","M","T","E","M","?","$","E","R","BOSS","M","?","M","?","$","E","$","E","T","M","?","?","R","E","R","BOSS","BOSS","R","$","E","BOSS"],"build_version":"2022-12-18","purchased_purges":3,"victory":false,"max_hp_per_floor":[75,80,80,80,80,83,83,75,75,75,75,75,78,78,78,78,78,78,78,78,82,82,82,85,89,89,89,92,92,92,98,98,98,98,102,102,106,112,112,116,116,116,116,120,120,120,120,126,126,126,126,126,126,126,128,128],"relic_stats":{"Singing Bowl":4,"counters":[28,148],"Nilry\u0027s Codex":[4,21,12,35],"Magic Flower":[45],"Bag of Preparation":[14],"Letter Opener":[253],"Medical Kit":[6],"Burning Blood":145,"Mercury Hourglass":[375],"Blood Vial":39,"SsserpentHead":400,"Nunchaku":[14],"Dream Catcher":0,"Shuriken":[25],"Mummified Hand":[50],"Bloody Idol":61,"Champion Belt":[41],"Bottled Lightning":"Armaments","obtain_stats":[{"NeowsBlessing":0,"Singing Bowl":48,"Golden Idol":8,"Nilry\u0027s Codex":29,"SacredBark":34,"Magic Flower":40,"Bag of Preparation":41,"Letter Opener":31,"Medical Kit":54,"Burning Blood":0,"Mercury Hourglass":26,"Blood Vial":13,"SsserpentHead":20,"Nunchaku":24,"Dream Catcher":42,"HornCleat":6,"Shuriken":9,"Mummified Hand":10,"Bloody Idol":23,"Champion Belt":30,"Bottled Lightning":55,"Runic Pyramid":17},{"NeowsBlessing":0,"Singing Bowl":24,"Golden Idol":5,"Nilry\u0027s Codex":15,"SacredBark":17,"Magic Flower":21,"Bag of Preparation":21,"Letter Opener":16,"Medical Kit":26,"Burning Blood":0,"Mercury Hourglass":13,"Blood Vial":8,"SsserpentHead":10,"Nunchaku":12,"Dream Catcher":22,"HornCleat":5,"Shuriken":5,"Mummified Hand":6,"Bloody Idol":11,"Champion Belt":15,"Bottled Lightning":27,"Runic Pyramid":9},{"NeowsBlessing":0,"Singing Bowl":116,"Golden Idol":14,"Nilry\u0027s Codex":63,"SacredBark":77,"Magic Flower":98,"Bag of Preparation":98,"Letter Opener":67,"Medical Kit":133,"Burning Blood":0,"Mercury Hourglass":53,"Blood Vial":24,"SsserpentHead":37,"Nunchaku":48,"Dream Catcher":105,"HornCleat":14,"Shuriken":14,"Mummified Hand":18,"Bloody Idol":42,"Champion Belt":63,"Bottled Lightning":141,"Runic Pyramid":33}]},"card_choices":[{"not_picked":["Blood for Blood","Clothesline"],"picked":"Whirlwind","floor":1.0},{"not_picked":["Havoc","Heavy Blade"],"picked":"Thunderclap","floor":3.0},{"not_picked":["Body Slam","Uppercut"],"picked":"Feed","floor":4.0},{"not_picked":["Searing Blow","Twin Strike","Sentinel"],"picked":"SKIP","floor":5.0},{"not_picked":["Feel No Pain","Warcry"],"picked":"Bloodletting","floor":6.0},{"not_picked":["Warcry","Sword Boomerang","Body Slam"],"picked":"SKIP","floor":10.0},{"not_picked":["Flex","Warcry"],"picked":"Shrug It Off","floor":11.0},{"not_picked":["Warcry","Clash"],"picked":"Armaments","floor":13.0},{"not_picked":["Feed","Immolate"],"picked":"Corruption","floor":16.0},{"not_picked":["Sword Boomerang","Uppercut"],"picked":"Ghostly Armor","floor":18.0},{"not_picked":["Pommel Strike+1","Twin Strike"],"picked":"Seeing Red+1","floor":21.0},{"not_picked":["Clothesline","Anger","Rampage"],"picked":"SKIP","floor":24.0},{"not_picked":["Metallicize","Inflame"],"picked":"Burning Pact","floor":25.0},{"not_picked":["Berserk","Havoc+1","Iron Wave"],"picked":"SKIP","floor":27.0},{"not_picked":["Thunderclap","Anger","Wild Strike"],"picked":"SKIP","floor":28.0},{"not_picked":["Seeing Red","Anger","Warcry"],"picked":"SKIP","floor":31.0},{"not_picked":["Feed","Limit Break"],"picked":"Exhume","floor":33.0},{"not_picked":["Spot Weakness","Heavy Blade"],"picked":"True Grit+1","floor":35.0},{"not_picked":["Spot Weakness","Pommel Strike","Hemokinesis"],"picked":"SKIP","floor":37.0},{"not_picked":["Burning Pact","Flex+1","Heavy Blade"],"picked":"SKIP","floor":38.0},{"not_picked":["True Grit+1","Iron Wave","Rage"],"picked":"SKIP","floor":40.0},{"not_picked":["Headbutt","Clothesline+1","Twin Strike"],"picked":"SKIP","floor":42.0},{"not_picked":["Evolve+1","Disarm+1","Bludgeon"],"picked":"SKIP","floor":44.0},{"not_picked":["Jack Of All Trades","Sadistic Nature"],"picked":"Flash of Steel","floor":46.0},{"not_picked":["Clash","Twin Strike","Armaments+1"],"picked":"Singing Bowl","floor":48.0},{"not_picked":["Heavy Blade","Armaments","Battle Trance+1"],"picked":"Singing Bowl","floor":55}],"player_experience":728010,"relics_obtained":[{"floor":6.0,"key":"HornCleat"},{"floor":9.0,"key":"Shuriken"},{"floor":10.0,"key":"Mummified Hand"},{"floor":13.0,"key":"Blood Vial"},{"floor":24.0,"key":"Nunchaku"},{"floor":26.0,"key":"Mercury Hourglass"},{"floor":29.0,"key":"Nilry\u0027s Codex"},{"floor":31.0,"key":"Letter Opener"},{"floor":40.0,"key":"Magic Flower"},{"floor":42.0,"key":"Dream Catcher"},{"floor":48.0,"key":"Singing Bowl"},{"floor":55,"key":"Bottled Lightning"}],"event_choices":[{"damage_healed":0.0,"max_hp_gain":5.0,"max_hp_loss":0.0,"gold_gain":0.0,"event_name":"Big Fish","player_choice":"Donut","floor":2.0,"gold_loss":0.0,"damage_taken":0.0},{"damage_healed":0.0,"max_hp_gain":0.0,"max_hp_loss":8.0,"gold_gain":0.0,"event_name":"Golden Idol","player_choice":"Lose Max HP","floor":8.0,"gold_loss":0.0,"damage_taken":0.0,"relics_obtained":["Golden Idol"]},{"cards_removed":["Strike_R"],"damage_healed":0.0,"max_hp_gain":0.0,"max_hp_loss":0.0,"gold_gain":0.0,"event_name":"Bonfire Elementals","player_choice":"Offered Basic","floor":14.0,"gold_loss":0.0,"damage_taken":0.0},{"damage_healed":0.0,"max_hp_gain":0.0,"max_hp_loss":0.0,"gold_gain":0.0,"cards_transformed":["Strike_R","Strike_R"],"event_name":"Drug Dealer","player_choice":"Became Test Subject","floor":19.0,"gold_loss":0.0,"damage_taken":0.0,"cards_obtained":["Sword Boomerang","Impervious"]},{"damage_healed":0.0,"max_hp_gain":0.0,"max_hp_loss":0.0,"gold_gain":0.0,"event_name":"FaceTrader","player_choice":"Trade","floor":20.0,"gold_loss":0.0,"damage_taken":0.0,"relics_obtained":["SsserpentHead"]},{"damage_healed":0.0,"max_hp_gain":0.0,"max_hp_loss":0.0,"gold_gain":50.0,"event_name":"Nest","player_choice":"Stole From Cult","floor":22.0,"gold_loss":0.0,"damage_taken":0.0},{"damage_healed":0.0,"max_hp_gain":0.0,"max_hp_loss":0.0,"gold_gain":0.0,"event_name":"Forgotten Altar","player_choice":"Gave Idol","floor":23.0,"relics_lost":["Golden Idol"],"gold_loss":0.0,"damage_taken":0.0,"relics_obtained":["Bloody Idol"]},{"damage_healed":0.0,"max_hp_gain":0.0,"max_hp_loss":0.0,"gold_gain":0.0,"event_name":"Cursed Tome","player_choice":"Obtained Book","floor":29.0,"gold_loss":0.0,"damage_taken":21.0},{"damage_healed":0.0,"max_hp_gain":0.0,"max_hp_loss":0.0,"gold_gain":0.0,"event_name":"SecretPortal","player_choice":"Ignored","floor":36.0,"gold_loss":0.0,"damage_taken":0.0},{"cards_removed":["Bloodletting"],"damage_healed":0.0,"max_hp_gain":0.0,"max_hp_loss":0.0,"gold_gain":0.0,"event_name":"Falling","player_choice":"Removed Skill","floor":45.0,"gold_loss":0.0,"damage_taken":0.0},{"damage_healed":0.0,"max_hp_gain":0.0,"max_hp_loss":0.0,"gold_gain":0.0,"event_name":"SensoryStone","player_choice":"Memory 3","floor":46.0,"gold_loss":0.0,"damage_taken":10.0}],"is_beta":false,"boss_relics":[{"not_picked":["Cursed Key","Tiny House"],"picked":"Runic Pyramid"},{"not_picked":["Busted Crown","Pandora\u0027s Box"],"picked":"SacredBark"}],"items_purged_floors":[12,30,39],"is_endless":false,"potions_floor_spawned":[1,6,11,13,18,25,40,42,44],"killed_by":"The Heart","ascension_level":20}