{"gold_per_floor":[117,192,211,211,230,230,258,19,45,45,62,76,76,102,102,175,175,186,204,224,124,140,166,166,195,195,195,215,215,246,246,246,323,323,335,335,210,230,230,230,259,259,259,290,307,307,327,342,342,342,342,342,20,54,54],"floor_reached":56,"playtime":1926,"items_purged":["Strike_P","Strike_P","Defend_P","Defend_P+1"],"score":2641,"play_id":"9130ad16-8acb-4b73-9edb-9c52849cff05","local_time":"20240611230716","is_ascension_mode":true,"campfire_choices":[{"data":"Eruption","floor":6.0,"key":"SMITH"},{"floor":10.0,"key":"REST"},{"data":"EmptyFist","floor":13.0,"key":"SMITH"},{"data":"WheelKick","floor":15.0,"key":"SMITH"},{"data":"MentalFortress","floor":24.0,"key":"SMITH"},{"data":"EmptyMind","floor":32.0,"key":"SMITH"},{"data":"Adaptation","floor":40.0,"key":"SMITH"},{"floor":42.0,"key":"RECALL"},{"data":"FearNoEvil","floor":46,"key":"SMITH"},{"floor":49,"key":"REST"},{"floor":52,"key":"REST"}],"neow_cost":"NONE","seed_source_timestamp":1490835430300,"circlet_count":0,"master_deck":["AscendersBane","Eruption+1","Vigilance+1","WheelKick+1","EmptyFist+1","FearNoEvil+1","MentalFortress+1","BowlingBash+1","EmptyBody+1","Adaptation+1","EmptyMind+1","EmptyMind+1"],"special_seed":0,"relics":["PureWater","Bag of Preparation","Nunchaku","Bag of Marbles","Runic Pyramid","Sundial","War Paint","Incense Burner","Mango","Empty Cage","Toxic Egg 2","Orichalcum","ClockworkSouvenir","GoldenEye"],"potions_floor_usage":[55],"damage_taken":[{"damage":2.0,"enemies":"2 Louse","floor":1.0,"turns":3.0},{"damage":0.0,"enemies":"Jaw Worm","floor":3.0,"turns":2.0},{"damage":3.0,"enemies":"Small Slimes","floor":5.0,"turns":3.0},{"damage":17.0,"enemies":"3 Sentries","floor":7.0,"turns":8.0},{"damage":0.0,"enemies":"3 Louse","floor":11.0,"turns":3.0},{"damage":2.0,"enemies":"Gremlin Gang","floor":12.0,"turns":3.0},{"damage":0.0,"enemies":"Gremlin Nob","floor":14.0,"turns":3.0},{"damage":14.0,"enemies":"Slime Boss","floor":16.0,"turns":6.0},{"damage":0.0,"enemies":"Chosen","floor":18.0,"turns":3.0},{"damage":11.0,"enemies":"3 Byrds","floor":19.0,"turns":3.0},{"damage":12.0,"enemies":"Cultist and Chosen","floor":20.0,"turns":5.0},{"damage":0.0,"enemies":"Snake Plant","floor":22.0,"turns":3.0},{"damage":0.0,"enemies":"Gremlin Leader","floor":23.0,"turns":6.0},{"damage":2.0,"enemies":"Book of Stabbing","floor":25.0,"turns":5.0},{"damage":0.0,"enemies":"Snecko","floor":28.0,"turns":3.0},{"damage":5.0,"enemies":"Slavers","floor":30.0,"turns":5.0},{"damage":0.0,"enemies":"Champ","floor":33.0,"turns":7.0},{"damage":0.0,"enemies":"Orb Walker","floor":35.0,"turns":2.0},{"damage":0.0,"enemies":"3 Darklings","floor":38.0,"turns":2.0},{"damage":0.0,"enemies":"Giant Head","floor":41.0,"turns":3.0},{"damage":8,"enemies":"Nemesis","floor":44,"turns":7},{"damage":0,"enemies":"Writhing Mass","floor":45,"turns":3},{"damage":0,"enemies":"Sphere and 2 Shapes","floor":47,"turns":2},{"damage":0,"enemies":"4 Shapes","floor":48,"turns":3},{"damage":0,"enemies":"Awakened One","floor":50,"turns":3},{"damage":0,"enemies":"Shield and Spear","floor":54,"turns":1},{"damage":16,"enemies":"The Heart","floor":55,"turns":8}],"seed_played":"579895233146904759","potions_obtained":[{"floor":3.0,"key":"SneckoOil"},{"floor":5.0,"key":"FairyPotion"},{"floor":11.0,"key":"LiquidBronze"},{"floor":12.0,"key":"ColorlessPotion"},{"floor":16.0,"key":"BottledMiracle"},{"floor":18.0,"key":"Strength Potion"},{"floor":19.0,"key":"ColorlessPotion"},{"floor":28.0,"key":"BlessingOfTheForge"},{"floor":35.0,"key":"Regen Potion"},{"floor":41.0,"key":"Weak Potion"}],"is_trial":false,"path_per_floor":["M","?","M","?","M","R","E","$","T","R","M","M","R","E","R","B",null,"M","M","M","$","M","E","R","E","T","?","M","?","E","?","R","B",null,"M","?","$","M","?","R","E","R","T","E","M","R","M","M","R","B",null,"R","$","E","B",null],"character_chosen":"WATCHER","basemod:card_modifiers":[null,null,null,null,null,null,null,null,null,null,null,null],"items_purchased":["FearNoEvil","StancePotion","ClockworkSouvenir"],"campfire_rested":3,"item_purchase_floors":[8,8,53],"current_hp_per_floor":[59,48,48,48,45,45,28,28,28,48,48,46,46,46,46,32,59,59,48,36,36,36,36,36,34,34,34,34,34,43,43,43,43,72,72,72,72,72,72,72,72,72,72,64,64,64,64,64,78,78,78,78,78,78,62],"gold":54,"neow_bonus":"THREE_CARDS","is_prod":false,"is_daily":false,"chose_seed":false,"campfire_upgraded":7,"win_rate":0,"timestamp":1718114836,"path_taken":["M","?","M","?","M","R","E","$","T","R","M","M","R","E","R","BOSS","M","M","M","$","M","E","R","E","T","?","M","?","E","?","R","BOSS","M","?","$","M","?","R","E","R","T","E","?","R","M","M","R","BOSS","R","$","E","BOSS"],"build_version":"2022-12-18","purchased_purges":4,"victory":true,"max_hp_per_floor":[68,68,68,68,68,68,68,68,68,68,68,68,68,68,68,68,68,68,68,68,68,68,68,68,68,68,68,68,68,82,82,82,82,82,82,78,78,78,78,78,78,78,78,78,78,78,78,78,78,78,78,78,78,78,78],"relic_stats":{"Nunchaku":[45],"counters":[27,105],"Sundial":[152],"Bag of Preparation":[46],"PureWater":[20],"War Paint":["Defend_P","Vigilance"],"Orichalcum":[6],"GoldenEye":[0],"obtain_stats":[{"Mango":30,"Bag of Preparation":7,"Incense Burner":26,"War Paint":25,"Orichalcum":44,"Empty Cage":34,"GoldenEye":54,"ClockworkSouvenir":53,"Nunchaku":9,"Sundial":23,"Bag of Marbles":14,"PureWater":0,"Toxic Egg 2":41,"Runic Pyramid":17},{"Mango":16,"Bag of Preparation":4,"Incense Burner":14,"War Paint":14,"Orichalcum":21,"Empty Cage":17,"GoldenEye":26,"ClockworkSouvenir":25,"Nunchaku":4,"Sundial":13,"Bag of Marbles":7,"PureWater":0,"Toxic Egg 2":20,"Runic Pyramid":8},{"Mango":64,"Bag of Preparation":16,"Incense Burner":56,"War Paint":56,"Orichalcum":85,"Empty Cage":71,"GoldenEye":97,"ClockworkSouvenir":96,"Nunchaku":16,"Sundial":51,"Bag of Marbles":25,"PureWater":0,"Toxic Egg 2":78,"Runic Pyramid":31}]},"card_choices":[{"not_picked":["FlurryOfBlows","Nirvana"],"picked":"WheelKick","floor":0.0},{"not_picked":["Prostrate","Evaluate","Vengeance"],"picked":"SKIP","floor":1.0},{"not_picked":["FlyingSleeves","Prostrate"],"picked":"EmptyFist","floor":3.0},{"not_picked":["Conclude","SignatureMove","Prostrate"],"picked":"SKIP","floor":5.0},{"not_picked":["Worship","LikeWater","Halt"],"picked":"SKIP","floor":7.0},{"not_picked":["SignatureMove","BowlingBash","Sanctity"],"picked":"SKIP","floor":11.0},{"not_picked":["Swivel","FollowUp"],"picked":"MentalFortress","floor":12.0},{"not_picked":["Crescendo","Halt","Devotion"],"picked":"SKIP","floor":14.0},{"not_picked":["BowlingBash+1","FlyingSleeves","EmptyFist"],"picked":"SKIP","floor":18.0},{"not_picked":["FlyingSleeves","EmptyFist"],"picked":"BowlingBash+1","floor":18.0},{"not_picked":["ForeignInfluence","ClearTheMind"],"picked":"EmptyBody+1","floor":19.0},{"not_picked":["Nirvana+1","FollowUp+1","Perseverance"],"picked":"SKIP","floor":20.0},{"not_picked":["LikeWater","PathToVictory","CutThroughFate"],"picked":"SKIP","floor":22.0},{"not_picked":["Ragnarok","Judgement"],"picked":"Adaptation","floor":23.0},{"not_picked":["Halt","Pray+1","SignatureMove"],"picked":"SKIP","floor":25.0},{"not_picked":["Crescendo","CutThroughFate","FlurryOfBlows+1"],"picked":"SKIP","floor":28.0},{"not_picked":["ClearTheMind+1","Consecrate","JustLucky"],"picked":"SKIP","floor":30.0},{"not_picked":["Protect+1","CutThroughFate","Evaluate"],"picked":"SKIP","floor":35.0},{"not_picked":["Prostrate","PathToVictory","Crescendo"],"picked":"SKIP","floor":38.0},{"not_picked":["TalkToTheHand","Perseverance+1","Fasting2"],"picked":"SKIP","floor":41.0},{"not_picked":["Judgement+1","Wireheading+1","Protect+1"],"picked":"SKIP","floor":44},{"not_picked":["EmptyFist","WaveOfTheHand+1","BowlingBash"],"picked":"SKIP","floor":45},{"not_picked":["Worship+1","DeceiveReality+1","FlurryOfBlows"],"picked":"SKIP","floor":47},{"not_picked":["Tantrum+1","Prostrate+1","WheelKick"],"picked":"SKIP","floor":48},{"not_picked":["Tantrum+1","Prostrate+1","WheelKick"],"picked":"SKIP","floor":48},{"not_picked":["Crescendo+1","SpiritShield+1","SashWhip"],"picked":"SKIP","floor":54}],"player_experience":741129,"relics_obtained":[{"floor":7.0,"key":"Bag of Preparation"},{"floor":9.0,"key":"Nunchaku"},{"floor":14.0,"key":"Bag of Marbles"},{"floor":23.0,"key":"Sundial"},{"floor":25.0,"key":"War Paint"},{"floor":26.0,"key":"Incense Burner"},{"floor":30.0,"key":"Mango"},{"floor":41.0,"key":"Toxic Egg 2"},{"floor":44,"key":"Orichalcum"},{"floor":54,"key":"GoldenEye"}],"event_choices":[{"damage_healed":0.0,"max_hp_gain":0.0,"max_hp_loss":0.0,"gold_gain":75.0,"event_name":"World of Goop","player_choice":"Gather Gold","floor":2.0,"gold_loss":0.0,"damage_taken":11.0},{"cards_removed":["Defend_P"],"damage_healed":0.0,"max_hp_gain":0.0,"max_hp_loss":0.0,"gold_gain":0.0,"event_name":"Living Wall","player_choice":"Forget","floor":4.0,"gold_loss":0.0,"damage_taken":0.0},{"damage_healed":0.0,"max_hp_gain":0.0,"max_hp_loss":0.0,"gold_gain":0.0,"event_name":"The Library","player_choice":"Read","floor":27.0,"gold_loss":0.0,"damage_taken":0.0,"cards_obtained":["EmptyMind"]},{"damage_healed":0.0,"max_hp_gain":0.0,"max_hp_loss":0.0,"gold_gain":0.0,"event_name":"The Mausoleum","player_choice":"Ignored","floor":29.0,"gold_loss":0.0,"damage_taken":0.0},{"cards_removed":["Defend_P"],"damage_healed":0.0,"max_hp_gain":0.0,"max_hp_loss":0.0,"gold_gain":0.0,"event_name":"Back to Basics","player_choice":"Elegance","floor":31.0,"gold_loss":0.0,"damage_taken":0.0},{"damage_healed":0.0,"max_hp_gain":0.0,"max_hp_loss":4.0,"gold_gain":0.0,"event_name":"Winding Halls","player_choice":"Max HP","floor":36.0,"gold_loss":0.0,"damage_taken":0.0},{"damage_healed":0.0,"max_hp_gain":0.0,"max_hp_loss":0.0,"gold_gain":0.0,"event_name":"Duplicator","player_choice":"Copied","floor":39.0,"gold_loss":0.0,"damage_taken":0.0,"cards_obtained":["EmptyMind"]}],"is_beta":false,"boss_relics":[{"not_picked":["Philosopher\u0027s Stone","Fusion Hammer"],"picked":"Runic Pyramid"},{"not_picked":["Black Star","Tiny House"],"picked":"Empty Cage"}],"items_purged_floors":[8,21,37,53],"is_endless":false,"potions_floor_spawned":[3,5,11,12,16,18,19,23,28,35,41,44,54],"ascension_level":19}