{"gold_per_floor":[110,124,141,141,156,156,184,203,226,246,246,246,278,289,289,365,365,379,389,43,63,79,79,106,106,129,129,141,141],"floor_reached":29,"playtime":839,"items_purged":["Strike_R"],"score":568,"play_id":"59818dfb-ef8f-4b4c-95c2-a0d3a343799c","local_time":"20240702212615","is_ascension_mode":true,"campfire_choices":[{"data":"Blood for Blood","floor":6.0,"key":"SMITH"},{"floor":12.0,"key":"REST"},{"floor":15.0,"key":"REST"},{"floor":23.0,"key":"REST"}],"neow_cost":"NONE","seed_source_timestamp":14475430262900,"circlet_count":0,"master_deck":["AscendersBane","Strike_R","Strike_R","Strike_R","Defend_R","Defend_R","Defend_R","Defend_R","Bash","Blood for Blood+1","Shockwave","Combust","Battle Trance","Immolate","Burning Pact","Corruption","Shockwave","Shrug It Off","Armaments","Body Slam"],"special_seed":0,"relics":["Burning Blood","Centennial Puzzle","StrikeDummy","Juzu Bracelet","SlaversCollar","Gremlin Horn","Vajra","Toy Ornithopter"],"potions_floor_usage":[29],"damage_taken":[{"damage":19.0,"enemies":"Jaw Worm","floor":1.0,"turns":4.0},{"damage":4.0,"enemies":"2 Louse","floor":2.0,"turns":3.0},{"damage":13.0,"enemies":"Small Slimes","floor":3.0,"turns":3.0},{"damage":5.0,"enemies":"Exordium Wildlife","floor":5.0,"turns":4.0},{"damage":24.0,"enemies":"Gremlin Nob","floor":7.0,"turns":4.0},{"damage":9.0,"enemies":"3 Louse","floor":8.0,"turns":3.0},{"damage":7.0,"enemies":"Blue Slaver","floor":10.0,"turns":4.0},{"damage":25.0,"enemies":"Lagavulin","floor":13.0,"turns":7.0},{"damage":6.0,"enemies":"Red Slaver","floor":14.0,"turns":4.0},{"damage":58.0,"enemies":"The Guardian","floor":16.0,"turns":16.0},{"damage":19.0,"enemies":"2 Thieves","floor":18.0,"turns":3.0},{"damage":8.0,"enemies":"3 Byrds","floor":19.0,"turns":4.0},{"damage":24.0,"enemies":"Snake Plant","floor":21.0,"turns":4.0},{"damage":9.0,"enemies":"3 Cultists","floor":22.0,"turns":5.0},{"damage":3.0,"enemies":"Gremlin Leader","floor":24.0,"turns":6.0},{"damage":12.0,"enemies":"Centurion and Healer","floor":28.0,"turns":4.0},{"damage":32,"enemies":"Slavers","floor":29,"turns":4}],"seed_played":"6677536031932423292","potions_obtained":[{"floor":3.0,"key":"PowerPotion"},{"floor":7.0,"key":"SkillPotion"},{"floor":13.0,"key":"Fruit Juice"},{"floor":14.0,"key":"BloodPotion"},{"floor":19.0,"key":"Fire Potion"},{"floor":21.0,"key":"Dexterity Potion"},{"floor":24.0,"key":"SneckoOil"},{"floor":28.0,"key":"SmokeBomb"}],"is_trial":false,"path_per_floor":["M","M","M","?","M","R","E","M","T","M","?","R","E","M","R","B",null,"M","M","$","M","M","R","E","?","T","?","M","E"],"character_chosen":"IRONCLAD","basemod:card_modifiers":[null,null,null,null,null,null,null,null,null,null,null,null,null,null,null,null,null,null,null,null],"items_purchased":["Gremlin Horn"],"campfire_rested":3,"item_purchase_floors":[20],"current_hp_per_floor":[55,57,50,50,51,51,33,30,30,29,22,44,25,25,54,18,65,52,50,50,32,29,53,56,33,33,33,27,0],"gold":141,"neow_bonus":"RANDOM_COMMON_RELIC","is_prod":false,"is_daily":false,"chose_seed":false,"campfire_upgraded":1,"win_rate":0,"timestamp":1719923175,"path_taken":["M","M","M","?","M","R","E","M","T","M","?","R","E","M","R","BOSS","M","M","$","M","M","R","E","?","T","?","M","E"],"build_version":"2022-12-18","purchased_purges":1,"victory":false,"max_hp_per_floor":[75,75,75,75,75,75,75,75,75,75,75,75,75,75,80,80,80,80,80,80,80,80,80,80,85,85,85,85,85],"relic_stats":{"Centennial Puzzle":[51],"Gremlin Horn":[8,11],"counters":[17,82],"Juzu Bracelet":0,"obtain_stats":[{"SlaversCollar":17,"Centennial Puzzle":0,"Gremlin Horn":20,"Vajra":24,"Juzu Bracelet":13,"StrikeDummy":7,"Burning Blood":0,"Toy Ornithopter":26},{"SlaversCollar":10,"Centennial Puzzle":0,"Gremlin Horn":12,"Vajra":15,"Juzu Bracelet":8,"StrikeDummy":5,"Burning Blood":0,"Toy Ornithopter":15},{"SlaversCollar":52,"Centennial Puzzle":0,"Gremlin Horn":59,"Vajra":74,"Juzu Bracelet":32,"StrikeDummy":18,"Burning Blood":0,"Toy Ornithopter":74}],"Burning Blood":96,"Toy Ornithopter":5},"card_choices":[{"not_picked":["Twin Strike","Clothesline"],"picked":"Blood for Blood","floor":1.0},{"not_picked":["Shrug It Off","Havoc"],"picked":"Shockwave","floor":2.0},{"not_picked":["Infernal Blade","Warcry","Intimidate"],"picked":"SKIP","floor":3.0},{"not_picked":["Battle Trance","Warcry"],"picked":"Combust","floor":5.0},{"not_picked":["Pommel Strike","Body Slam"],"picked":"Battle Trance","floor":7.0},{"not_picked":["Body Slam","Uppercut"],"picked":"Immolate","floor":8.0},{"not_picked":["Wild Strike","Thunderclap","Blood for Blood"],"picked":"SKIP","floor":10.0},{"not_picked":["Warcry","Spot Weakness","Heavy Blade"],"picked":"SKIP","floor":13.0},{"not_picked":["Iron Wave","Blood for Blood"],"picked":"Burning Pact","floor":14.0},{"not_picked":["Barricade","Berserk"],"picked":"Corruption","floor":16.0},{"not_picked":["Inflame+1","Clash"],"picked":"Shockwave","floor":18.0},{"not_picked":["Evolve","Twin Strike"],"picked":"Shrug It Off","floor":19.0},{"not_picked":["Shockwave","Clash"],"picked":"Armaments","floor":21.0},{"not_picked":["Metallicize","Armaments","True Grit"],"picked":"SKIP","floor":22.0},{"not_picked":["Combust","Perfected Strike","Anger"],"picked":"SKIP","floor":24.0},{"not_picked":["Twin Strike","Pommel Strike"],"picked":"Body Slam","floor":28.0}],"player_experience":751155,"relics_obtained":[{"floor":7.0,"key":"StrikeDummy"},{"floor":13.0,"key":"Juzu Bracelet"},{"floor":24.0,"key":"Vajra"},{"floor":26.0,"key":"Toy Ornithopter"}],"event_choices":[{"damage_healed":0.0,"max_hp_gain":0.0,"max_hp_loss":0.0,"gold_gain":0.0,"event_name":"Liars Game","player_choice":"Ignored","floor":4.0,"gold_loss":0.0,"damage_taken":0.0},{"cards_removed":["Strike_R"],"damage_healed":0.0,"max_hp_gain":0.0,"max_hp_loss":0.0,"gold_gain":0.0,"event_name":"Golden Wing","player_choice":"Card Removal","floor":11.0,"gold_loss":0.0,"damage_taken":7.0},{"damage_healed":0.0,"max_hp_gain":5.0,"max_hp_loss":0.0,"gold_gain":0.0,"event_name":"Forgotten Altar","player_choice":"Shed Blood","floor":25.0,"gold_loss":0.0,"damage_taken":28.0},{"damage_healed":0.0,"max_hp_gain":0.0,"max_hp_loss":0.0,"gold_gain":0.0,"event_name":"Cursed Tome","player_choice":"Ignored","floor":27.0,"gold_loss":0.0,"damage_taken":0.0}],"is_beta":false,"boss_relics":[{"not_picked":["Cursed Key","Sozu"],"picked":"SlaversCollar"}],"items_purged_floors":[20],"is_endless":false,"potions_floor_spawned":[3,7,13,14,19,21,24,28],"killed_by":"Slavers","ascension_level":20}