{"gold_per_floor":[365,173,183,198,216,216,251,251,303,331,91,123,143,170,170,243,243,262,262,137,187,217,247,247,274,274,274,286,316,329,344,344,418,418,435,435,452,452,252,287,287,287],"floor_reached":42,"playtime":1911,"items_purged":["Strike_R","Strike_R","Strike_R","Bash"],"score":1074,"play_id":"43428914-d6cf-4d84-b739-dd3029f5f684","local_time":"20240630185603","is_ascension_mode":true,"campfire_choices":[{"data":"Uppercut","floor":6.0,"key":"SMITH"},{"data":"Heavy Blade","floor":8.0,"key":"SMITH"},{"data":"Spot Weakness","floor":15.0,"key":"SMITH"},{"floor":24.0,"key":"REST"},{"floor":27.0,"key":"REST"},{"data":"Dark Embrace","floor":32.0,"key":"SMITH"},{"floor":41.0,"key":"REST"}],"neow_cost":"TEN_PERCENT_HP_LOSS","seed_source_timestamp":0,"circlet_count":0,"master_deck":["AscendersBane","Defend_R","Defend_R","Defend_R","Metallicize","Uppercut+1","Heavy Blade+1","Spot Weakness+1","Impervious","Reaper","Dropkick","Offering","Dark Embrace+1","Second Wind","Limit Break","Shrug It Off+1","Iron Wave+1","Rupture+1","Armaments"],"special_seed":0,"relics":["Burning Blood","Letter Opener","Pen Nib","Strawberry","Pear","Centennial Puzzle","Philosopher\u0027s Stone","Red Mask","Torii","Juzu Bracelet","Blue Candle","Oddly Smooth Stone","Astrolabe","Peace Pipe"],"potions_floor_usage":[42,42],"damage_taken":[{"damage":2.0,"enemies":"Cultist","floor":1.0,"turns":4.0},{"damage":3.0,"enemies":"2 Louse","floor":3.0,"turns":3.0},{"damage":4.0,"enemies":"Jaw Worm","floor":4.0,"turns":3.0},{"damage":22.0,"enemies":"Large Slime","floor":5.0,"turns":9.0},{"damage":27.0,"enemies":"3 Sentries","floor":7.0,"turns":7.0},{"damage":3.0,"enemies":"Gremlin Nob","floor":10.0,"turns":3.0},{"damage":25.0,"enemies":"3 Sentries","floor":12.0,"turns":7.0},{"damage":36.0,"enemies":"Lots of Slimes","floor":13.0,"turns":6.0},{"damage":7.0,"enemies":"Lagavulin","floor":14.0,"turns":7.0},{"damage":40.0,"enemies":"The Guardian","floor":16.0,"turns":12.0},{"damage":20.0,"enemies":"3 Byrds","floor":18.0,"turns":4.0},{"damage":6.0,"enemies":"Masked Bandits","floor":22.0,"turns":2.0},{"damage":44.0,"enemies":"Slavers","floor":23.0,"turns":7.0},{"damage":32.0,"enemies":"Book of Stabbing","floor":25.0,"turns":4.0},{"damage":36.0,"enemies":"Spheric Guardian","floor":28.0,"turns":5.0},{"damage":21.0,"enemies":"Gremlin Leader","floor":29.0,"turns":6.0},{"damage":40.0,"enemies":"3 Cultists","floor":30.0,"turns":5.0},{"damage":15.0,"enemies":"Centurion and Healer","floor":31.0,"turns":5.0},{"damage":53.0,"enemies":"Champ","floor":33.0,"turns":12.0},{"damage":28.0,"enemies":"3 Darklings","floor":35.0,"turns":7.0},{"damage":68.0,"enemies":"3 Shapes","floor":37.0,"turns":9.0},{"damage":60.0,"enemies":"Giant Head","floor":40.0,"turns":7.0},{"damage":100,"enemies":"Reptomancer","floor":42,"turns":3}],"seed_played":"4408660242915746587","potions_obtained":[{"floor":1.0,"key":"Weak Potion"},{"floor":3.0,"key":"GamblersBrew"},{"floor":5.0,"key":"BloodPotion"},{"floor":12.0,"key":"LiquidBronze"},{"floor":13.0,"key":"LiquidMemories"},{"floor":14.0,"key":"SteroidPotion"},{"floor":22.0,"key":"Swift Potion"},{"floor":28.0,"key":"LiquidMemories"},{"floor":30.0,"key":"ElixirPotion"},{"floor":35.0,"key":"Fire Potion"}],"is_trial":false,"path_per_floor":["M","$","M","M","M","R","E","R","T","E","$","E","M","E","R","B",null,"M","?","$","?","?","E","R","E","T","R","M","E","M","M","R","B",null,"M","?","M","?","$","E","R","E"],"character_chosen":"IRONCLAD","basemod:card_modifiers":[null,null,null,null,null,null,null,null,null,null,null,null,null,null,null,null,null,null,null],"items_purchased":["Metallicize","Uppercut","Reaper","SteroidPotion","Armaments"],"campfire_rested":3,"item_purchase_floors":[2,2,11,11,39],"current_hp_per_floor":[68,68,68,68,52,52,31,31,31,41,41,38,45,51,51,29,71,61,61,61,61,61,31,56,30,30,55,37,46,51,50,50,16,68,70,70,38,38,38,27,51,0],"gold":287,"neow_bonus":"TWO_FIFTY_GOLD","is_prod":false,"is_daily":false,"chose_seed":false,"campfire_upgraded":4,"win_rate":0,"timestamp":1719741363,"path_taken":["M","$","M","?","M","R","E","R","T","E","$","E","?","E","R","BOSS","M","?","$","?","?","E","R","E","T","R","M","E","M","M","R","BOSS","M","?","M","?","$","E","R","E"],"build_version":"2022-12-18","purchased_purges":4,"victory":false,"max_hp_per_floor":[68,68,68,68,68,68,68,68,68,75,75,85,85,85,85,85,85,85,85,85,85,85,85,85,85,85,85,85,85,85,85,85,85,85,85,85,85,81,81,81,81,81],"relic_stats":{"Peace Pipe":0,"Centennial Puzzle":[42],"Torii":9,"counters":[23,137],"Blue Candle":[2],"Astrolabe":["Shrug It Off","Iron Wave","Rupture"],"Pen Nib":[15],"Juzu Bracelet":1,"Letter Opener":[100],"obtain_stats":[{"Pear":12,"Torii":23,"Blue Candle":26,"Astrolabe":34,"Oddly Smooth Stone":29,"Pen Nib":9,"Juzu Bracelet":25,"Letter Opener":7,"Burning Blood":0,"Peace Pipe":40,"Centennial Puzzle":14,"Strawberry":10,"Philosopher\u0027s Stone":17,"Red Mask":22},{"Pear":7,"Torii":13,"Blue Candle":14,"Astrolabe":19,"Oddly Smooth Stone":16,"Pen Nib":5,"Juzu Bracelet":14,"Letter Opener":5,"Burning Blood":0,"Peace Pipe":22,"Centennial Puzzle":9,"Strawberry":6,"Philosopher\u0027s Stone":10,"Red Mask":12},{"Pear":36,"Torii":74,"Blue Candle":78,"Astrolabe":111,"Oddly Smooth Stone":89,"Pen Nib":26,"Juzu Bracelet":78,"Letter Opener":26,"Burning Blood":0,"Peace Pipe":134,"Centennial Puzzle":49,"Strawberry":29,"Philosopher\u0027s Stone":61,"Red Mask":67}],"Burning Blood":123},"card_choices":[{"not_picked":["Evolve","Havoc","Armaments"],"picked":"SKIP","floor":1.0},{"not_picked":["Perfected Strike","Metallicize","Body Slam"],"picked":"SKIP","floor":3.0},{"not_picked":["Entrench","Wild Strike"],"picked":"Heavy Blade","floor":4.0},{"not_picked":["Sentinel","Shockwave"],"picked":"Spot Weakness","floor":5.0},{"not_picked":["Warcry","Pommel Strike"],"picked":"Bludgeon","floor":7.0},{"not_picked":["Pommel Strike","Bloodletting"],"picked":"Impervious","floor":10.0},{"not_picked":["Twin Strike","Headbutt"],"picked":"Dropkick","floor":12.0},{"not_picked":["Iron Wave","Perfected Strike","Pommel Strike"],"picked":"SKIP","floor":13.0},{"not_picked":["Thunderclap","Rage","Perfected Strike"],"picked":"SKIP","floor":14.0},{"not_picked":["Barricade","Brutality"],"picked":"Offering","floor":16.0},{"not_picked":["Sever Soul+1","Havoc","Cleave"],"picked":"SKIP","floor":18.0},{"not_picked":["Perfected Strike","Body Slam+1"],"picked":"Dark Embrace","floor":22.0},{"not_picked":["Clash","Twin Strike","Thunderclap"],"picked":"SKIP","floor":23.0},{"not_picked":["Wild Strike","Clash","Perfected Strike"],"picked":"SKIP","floor":25.0},{"not_picked":["Clothesline","Cleave"],"picked":"Second Wind","floor":28.0},{"not_picked":["Wild Strike","Body Slam","True Grit"],"picked":"SKIP","floor":29.0},{"not_picked":["Perfected Strike+1","Havoc","Armaments"],"picked":"SKIP","floor":30.0},{"not_picked":["Body Slam","Combust","Demon Form"],"picked":"SKIP","floor":31.0},{"not_picked":["Immolate","Impervious"],"picked":"Limit Break","floor":33.0},{"not_picked":["Shrug It Off","True Grit","Entrench+1"],"picked":"SKIP","floor":35.0},{"not_picked":["Sever Soul+1","Reckless Charge","Clothesline"],"picked":"SKIP","floor":37.0},{"not_picked":["Pommel Strike","Clothesline+1","Carnage"],"picked":"SKIP","floor":40.0},{"not_picked":["Pommel Strike","Clothesline+1","Carnage"],"picked":"SKIP","floor":40.0}],"player_experience":743055,"relics_obtained":[{"floor":7.0,"key":"Letter Opener"},{"floor":9.0,"key":"Pen Nib"},{"floor":10.0,"key":"Strawberry"},{"floor":12.0,"key":"Pear"},{"floor":14.0,"key":"Centennial Puzzle"},{"floor":22.0,"key":"Red Mask"},{"floor":23.0,"key":"Torii"},{"floor":25.0,"key":"Juzu Bracelet"},{"floor":26.0,"key":"Blue Candle"},{"floor":29.0,"key":"Oddly Smooth Stone"},{"floor":40.0,"key":"Peace Pipe"}],"event_choices":[{"damage_healed":0.0,"max_hp_gain":0.0,"max_hp_loss":0.0,"gold_gain":0.0,"event_name":"The Mausoleum","player_choice":"Ignored","floor":19.0,"gold_loss":0.0,"damage_taken":0.0},{"damage_healed":0.0,"max_hp_gain":0.0,"max_hp_loss":0.0,"gold_gain":50.0,"event_name":"Nest","player_choice":"Stole From Cult","floor":21.0,"gold_loss":0.0,"damage_taken":0.0},{"damage_healed":0.0,"max_hp_gain":0.0,"max_hp_loss":0.0,"gold_gain":0.0,"event_name":"Masked Bandits","player_choice":"Fought Bandits","floor":22.0,"gold_loss":0.0,"damage_taken":0.0},{"cards_removed":["Bludgeon"],"damage_healed":0.0,"max_hp_gain":0.0,"max_hp_loss":0.0,"gold_gain":0.0,"event_name":"Purifier","player_choice":"Purged","floor":36.0,"gold_loss":0.0,"damage_taken":0.0},{"damage_healed":0.0,"max_hp_gain":0.0,"max_hp_loss":4.0,"gold_gain":0.0,"event_name":"Winding Halls","player_choice":"Max HP","floor":38.0,"gold_loss":0.0,"damage_taken":0.0}],"is_beta":false,"boss_relics":[{"not_picked":["SlaversCollar","Empty Cage"],"picked":"Philosopher\u0027s Stone"},{"not_picked":["Fusion Hammer","Sozu"],"picked":"Astrolabe"}],"items_purged_floors":[2,11,20,39],"is_endless":false,"potions_floor_spawned":[1,3,5,12,13,14,22,28,30,35],"killed_by":"Reptomancer","ascension_level":20}