{"gold_per_floor":[118,130,130,140,152,152,152,152,176,191,341,341,312,194,194,194],"floor_reached":16,"playtime":347,"items_purged":["Doubt"],"score":184,"play_id":"4ad6e1ad-49e9-412e-a373-5ed204589d3f","local_time":"20240630220019","is_ascension_mode":true,"campfire_choices":[{"data":"Bouncing Flask","floor":6,"key":"SMITH"},{"floor":8,"key":"REST"},{"floor":15,"key":"REST"}],"neow_cost":"PERCENT_DAMAGE","seed_source_timestamp":30020076444600,"circlet_count":0,"master_deck":["AscendersBane","Strike_G","Strike_G","Strike_G","Strike_G","Strike_G","Defend_G+1","Defend_G","Defend_G","Defend_G","Defend_G","Survivor","Neutralize","A Thousand Cuts","Bouncing Flask+1","Deadly Poison+1","Calculated Gamble","Acrobatics","Venomology","Tactician"],"relics":["Ring of the Snake","Tiny Chest"],"potions_floor_usage":[16],"damage_taken":[{"damage":0,"enemies":"Cultist","floor":1,"turns":4},{"damage":2,"enemies":"2 Louse","floor":2,"turns":4},{"damage":0,"enemies":"Jaw Worm","floor":4,"turns":4},{"damage":11,"enemies":"Looter","floor":5,"turns":4},{"damage":6,"enemies":"Blue Slaver","floor":10,"turns":4},{"damage":18,"enemies":"Exordium Thugs","floor":13,"turns":4},{"damage":18,"enemies":"The Guardian","floor":16,"turns":7}],"seed_played":"-7766813949186284867","potions_obtained":[{"floor":1,"key":"GamblersBrew"},{"floor":5,"key":"SteroidPotion"}],"is_trial":false,"path_per_floor":["M","M","T","M","M","R","?","R","T","M","?","?","M","$","R","B"],"character_chosen":"THE_SILENT","basemod:card_modifiers":[null,null,null,null,null,null,null,null,null,null,null,null,null,null,null,null,null,null,null,null],"items_purchased":["Tactician"],"campfire_rested":2,"item_purchase_floors":[14],"current_hp_per_floor":[44,42,42,42,31,31,11,30,30,24,24,20,2,2,21,3],"gold":194,"neow_bonus":"THREE_RARE_CARDS","is_prod":false,"is_daily":false,"chose_seed":false,"campfire_upgraded":1,"win_rate":0,"timestamp":1719752419,"path_taken":["M","M","?","M","M","R","?","R","T","M","?","?","?","$","R","BOSS"],"build_version":"2022-12-18","purchased_purges":1,"victory":false,"max_hp_per_floor":[66,66,66,66,66,66,66,66,66,66,66,66,66,66,66,66],"relic_stats":{"counters":[7,31],"Tiny Chest":0,"obtain_stats":[{"Tiny Chest":9,"Ring of the Snake":0},{"Tiny Chest":4,"Ring of the Snake":0},{"Tiny Chest":16,"Ring of the Snake":0}],"Ring of the Snake":[14]},"card_choices":[{"not_picked":["Night Terror","Envenom"],"picked":"A Thousand Cuts","floor":0},{"not_picked":["Backflip","Underhanded Strike"],"picked":"Bouncing Flask","floor":1},{"not_picked":["Backflip","Setup"],"picked":"Deadly Poison","floor":2},{"not_picked":["Sucker Punch","Distraction","Underhanded Strike"],"picked":"SKIP","floor":4},{"not_picked":["Backflip","Dodge and Roll"],"picked":"Calculated Gamble","floor":5},{"not_picked":["Slice","Predator"],"picked":"Acrobatics","floor":10},{"not_picked":["Underhanded Strike","Outmaneuver"],"picked":"Venomology","floor":13}],"player_experience":748855,"relics_obtained":[{"floor":9,"key":"Tiny Chest"}],"event_choices":[{"damage_healed":0,"gold_gain":0,"player_choice":"Entered Light","damage_taken":20,"max_hp_gain":0,"max_hp_loss":0,"event_name":"Shining Light","floor":7,"gold_loss":0,"cards_upgraded":["Defend_G","Deadly Poison"]},{"damage_healed":0,"gold_gain":150,"player_choice":"AGREE","damage_taken":0,"max_hp_gain":0,"max_hp_loss":0,"event_name":"Liars Game","floor":11,"gold_loss":0,"cards_obtained":["Doubt"]},{"damage_healed":0,"gold_gain":0,"player_choice":"Bought 0 Potions","damage_taken":0,"max_hp_gain":0,"max_hp_loss":0,"event_name":"The Woman in Blue","floor":12,"gold_loss":0}],"is_beta":false,"boss_relics":[],"items_purged_floors":[14],"is_endless":false,"potions_floor_spawned":[1,5],"killed_by":"The Guardian","ascension_level":20}