{"gold_per_floor":[369,369,380,305,318,349,349,366,366,386,401,434,434,276,276,349,349,364,364,43,43,93,122,37,37,37,57,82,82,94,104,104,181,181,196,246,259,279,298,330,330,356,356,372,392,422,124,124,124,124,124,124,124,69,101,101],"floor_reached":57,"playtime":1953,"items_purged":["Defend_G","Strike_G","Strike_G"],"score":2909,"play_id":"01d24e7a-f5af-44d6-9a6b-638b2dbcb28a","local_time":"20240702210902","is_ascension_mode":true,"campfire_choices":[{"floor":7.0,"key":"REST"},{"data":"Terror","floor":13.0,"key":"SMITH"},{"data":"Acrobatics","floor":15.0,"key":"SMITH"},{"data":"1","floor":25.0,"key":"LIFT"},{"data":"2","floor":32.0,"key":"LIFT"},{"data":"Phantasmal Killer","floor":41.0,"key":"SMITH"},{"floor":49.0,"key":"RECALL"},{"data":"3","floor":53.0,"key":"LIFT"}],"neow_cost":"TEN_PERCENT_HP_LOSS","seed_source_timestamp":0,"circlet_count":0,"master_deck":["AscendersBane","Strike_G","Strike_G","Strike_G","Defend_G","Defend_G","Defend_G","Defend_G","Survivor","Neutralize","Underhanded Strike","Masterful Stab","Dagger Throw","Adrenaline","Terror+1","Acrobatics+1","Blade Dance","Phantasmal Killer+1","Blade Dance","Well Laid Plans","Adrenaline","Outmaneuver+1","Reflex+1","Finisher","Concentrate+1","After Image","Leg Sweep+1","Finesse+1","Calculated Gamble+1"],"special_seed":0,"relics":["Ring of the Snake","FaceOfCleric","Omamori","Kunai","Ice Cream","Cursed Key","Nilry\u0027s Codex","Shuriken","Toy Ornithopter","Girya","Paper Crane","Vajra","Runic Pyramid","Bronze Scales","Pen Nib","Toxic Egg 2","Art of War"],"potions_floor_usage":[55,56,56],"damage_taken":[{"damage":0.0,"enemies":"Small Slimes","floor":1.0,"turns":5.0},{"damage":1.0,"enemies":"Cultist","floor":3.0,"turns":5.0},{"damage":0.0,"enemies":"2 Louse","floor":5.0,"turns":2.0},{"damage":32.0,"enemies":"3 Sentries","floor":6.0,"turns":11.0},{"damage":3.0,"enemies":"Blue Slaver","floor":8.0,"turns":3.0},{"damage":7.0,"enemies":"Exordium Thugs","floor":10.0,"turns":5.0},{"damage":0.0,"enemies":"Looter","floor":11.0,"turns":2.0},{"damage":0.0,"enemies":"Gremlin Nob","floor":12.0,"turns":2.0},{"damage":23.0,"enemies":"Slime Boss","floor":16.0,"turns":7.0},{"damage":0.0,"enemies":"Spheric Guardian","floor":18.0,"turns":2.0},{"damage":1.0,"enemies":"Gremlin Leader","floor":23.0,"turns":4.0},{"damage":2.0,"enemies":"2 Thieves","floor":27.0,"turns":2.0},{"damage":5.0,"enemies":"Book of Stabbing","floor":28.0,"turns":3.0},{"damage":7.0,"enemies":"Snake Plant","floor":30.0,"turns":3.0},{"damage":0.0,"enemies":"Snecko","floor":31.0,"turns":2.0},{"damage":19.0,"enemies":"Automaton","floor":33.0,"turns":6.0},{"damage":10.0,"enemies":"3 Darklings","floor":35.0,"turns":3.0},{"damage":1.0,"enemies":"3 Shapes","floor":37.0,"turns":3.0},{"damage":0.0,"enemies":"3 Darklings","floor":38.0,"turns":4.0},{"damage":4.0,"enemies":"Writhing Mass","floor":39.0,"turns":4.0},{"damage":3.0,"enemies":"Giant Head","floor":40.0,"turns":4.0},{"damage":0.0,"enemies":"Nemesis","floor":42.0,"turns":1.0},{"damage":0.0,"enemies":"Sphere and 2 Shapes","floor":44.0,"turns":3.0},{"damage":0.0,"enemies":"3 Darklings","floor":45.0,"turns":2.0},{"damage":0.0,"enemies":"Reptomancer","floor":46.0,"turns":1.0},{"damage":29.0,"enemies":"Awakened One","floor":50.0,"turns":9.0},{"damage":3.0,"enemies":"Time Eater","floor":51.0,"turns":6.0},{"damage":19,"enemies":"Shield and Spear","floor":55,"turns":3},{"damage":52,"enemies":"The Heart","floor":56,"turns":9}],"seed_played":"-5352537617846451906","potions_obtained":[{"floor":1.0,"key":"PowerPotion"},{"floor":11.0,"key":"Swift Potion"},{"floor":16.0,"key":"SteroidPotion"},{"floor":27.0,"key":"SpeedPotion"},{"floor":30.0,"key":"Block Potion"},{"floor":33.0,"key":"DuplicationPotion"},{"floor":37.0,"key":"Explosive Potion"},{"floor":40.0,"key":"PowerPotion"},{"floor":45.0,"key":"Dexterity Potion"},{"floor":55,"key":"SteroidPotion"}],"is_trial":false,"path_per_floor":["M","?","M","$","M","E","R","M","T","M","M","E","R","$","R","B",null,"M","?","$","?","?","E","?","R","T","M","E","$","M","M","R","B",null,"M","?","M","M","M","E","R","E","T","M","M","E","$","?","R","B","B",null,"R","$","E","B",null],"character_chosen":"THE_SILENT","basemod:card_modifiers":[null,null,null,null,null,null,null,null,null,null,null,null,null,null,null,null,null,null,null,null,null,null,null,null,null,null,null,null,null],"items_purchased":["Blade Dance","Shuriken","Blade Dance","Leg Sweep+1","Finesse+1","Dexterity Potion"],"campfire_rested":1,"item_purchase_floors":[14,20,20,47,47,54],"current_hp_per_floor":[59,59,59,59,60,29,47,45,45,39,40,41,41,41,41,19,56,57,36,36,36,36,36,36,36,36,40,41,41,35,36,36,18,61,57,57,57,58,55,53,53,54,54,55,56,57,57,57,57,29,32,70,70,70,57,16],"gold":101,"neow_bonus":"TWO_FIFTY_GOLD","is_prod":false,"is_daily":false,"chose_seed":false,"campfire_upgraded":3,"win_rate":0,"timestamp":1719922142,"path_taken":["M","?","?","$","M","E","R","M","T","M","M","E","R","$","R","BOSS","M","?","$","?","?","E","?","R","T","?","E","?","M","M","R","BOSS","M","?","M","M","M","E","R","E","T","M","?","E","$","?","R","BOSS","BOSS","R","$","E","BOSS"],"build_version":"2022-12-18","purchased_purges":3,"victory":true,"max_hp_per_floor":[60,60,61,61,62,63,63,64,64,65,66,67,67,67,67,68,68,69,69,69,69,69,70,70,70,70,71,72,72,73,74,74,75,75,76,76,77,78,79,80,80,81,81,82,83,84,84,80,80,81,82,82,82,82,83,84],"relic_stats":{"Ice Cream":[109],"Girya":3,"counters":[29,116],"Nilry\u0027s Codex":[5,11,3,34],"Pen Nib":[12],"Omamori":2,"Cursed Key":2,"FaceOfCleric":28,"Shuriken":[78],"Bronze Scales":[231],"Art of War":[2],"Kunai":[90],"obtain_stats":[{"Ice Cream":12,"Girya":24,"Nilry\u0027s Codex":19,"Vajra":28,"Pen Nib":42,"Omamori":6,"Paper Crane":26,"Cursed Key":17,"FaceOfCleric":2,"Shuriken":20,"Bronze Scales":40,"Art of War":55,"Kunai":9,"Toxic Egg 2":46,"Toy Ornithopter":23,"Ring of the Snake":0,"Runic Pyramid":34},{"Ice Cream":8,"Girya":11,"Nilry\u0027s Codex":10,"Vajra":13,"Pen Nib":22,"Omamori":4,"Paper Crane":11,"Cursed Key":9,"FaceOfCleric":1,"Shuriken":10,"Bronze Scales":21,"Art of War":28,"Kunai":5,"Toxic Egg 2":25,"Toy Ornithopter":11,"Ring of the Snake":0,"Runic Pyramid":16},{"Ice Cream":35,"Girya":48,"Nilry\u0027s Codex":44,"Vajra":53,"Pen Nib":83,"Omamori":23,"Paper Crane":48,"Cursed Key":42,"FaceOfCleric":5,"Shuriken":44,"Bronze Scales":82,"Art of War":107,"Kunai":26,"Toxic Egg 2":89,"Toy Ornithopter":48,"Ring of the Snake":0,"Runic Pyramid":64}],"Toy Ornithopter":35,"Ring of the Snake":[58]},"card_choices":[{"not_picked":["Leg Sweep","Deflect"],"picked":"Underhanded Strike","floor":1.0},{"not_picked":["Slice","Backflip"],"picked":"Masterful Stab","floor":3.0},{"not_picked":["Escape Plan","Cloak And Dagger"],"picked":"Dagger Throw","floor":5.0},{"not_picked":["Quick Slash","Outmaneuver","Prepared"],"picked":"SKIP","floor":6.0},{"not_picked":["Acrobatics","Underhanded Strike"],"picked":"Adrenaline","floor":8.0},{"not_picked":["Infinite Blades","All Out Attack"],"picked":"Terror","floor":10.0},{"not_picked":["Expertise","Footwork"],"picked":"Acrobatics","floor":11.0},{"not_picked":["Quick Slash","Poisoned Stab","Deflect"],"picked":"SKIP","floor":12.0},{"not_picked":["Night Terror","Bullet Time"],"picked":"Phantasmal Killer","floor":16.0},{"not_picked":["All Out Attack","Prepared","Masterful Stab"],"picked":"SKIP","floor":18.0},{"not_picked":["Acrobatics","Cloak And Dagger"],"picked":"Well Laid Plans","floor":23.0},{"not_picked":["Dagger Spray","Backflip","Cloak And Dagger"],"picked":"SKIP","floor":27.0},{"not_picked":["Caltrops+1","Flying Knee","Sucker Punch"],"picked":"SKIP","floor":28.0},{"not_picked":["Dagger Throw","Poisoned Stab","A Thousand Cuts"],"picked":"SKIP","floor":30.0},{"not_picked":["Underhanded Strike","Deflect+1","Catalyst"],"picked":"SKIP","floor":31.0},{"not_picked":["Underhanded Strike","Deflect+1","Catalyst"],"picked":"SKIP","floor":31.0},{"not_picked":["Grand Finale","Die Die Die"],"picked":"Adrenaline","floor":33.0},{"not_picked":["All Out Attack","Dagger Spray","Sucker Punch"],"picked":"SKIP","floor":35.0},{"not_picked":["Dagger Spray","Dodge and Roll"],"picked":"Outmaneuver+1","floor":37.0},{"not_picked":["Underhanded Strike","Backflip"],"picked":"Reflex+1","floor":38.0},{"not_picked":["Sucker Punch","Dodge and Roll+1","Flying Knee"],"picked":"SKIP","floor":39.0},{"not_picked":["Bouncing Flask","Riddle With Holes+1"],"picked":"Finisher","floor":40.0},{"not_picked":["Bouncing Flask+1","Corpse Explosion","Deadly Poison"],"picked":"SKIP","floor":42.0},{"not_picked":["Flying Knee","Underhanded Strike","Predator"],"picked":"SKIP","floor":44.0},{"not_picked":["Tactician","Cloak And Dagger"],"picked":"Concentrate+1","floor":45.0},{"not_picked":["Quick Slash+1","Blade Dance+1"],"picked":"After Image","floor":46.0},{"not_picked":["Catalyst+1","PiercingWail+1"],"picked":"Calculated Gamble+1","floor":55}],"player_experience":749202,"relics_obtained":[{"floor":6.0,"key":"Omamori"},{"floor":9.0,"key":"Kunai"},{"floor":12.0,"key":"Ice Cream"},{"floor":19.0,"key":"Nilry\u0027s Codex"},{"floor":23.0,"key":"Toy Ornithopter"},{"floor":26.0,"key":"Paper Crane"},{"floor":28.0,"key":"Vajra"},{"floor":40.0,"key":"Bronze Scales"},{"floor":42.0,"key":"Pen Nib"},{"floor":46.0,"key":"Toxic Egg 2"},{"floor":55,"key":"Art of War"}],"event_choices":[{"damage_healed":0.0,"max_hp_gain":0.0,"max_hp_loss":0.0,"gold_gain":0.0,"event_name":"FaceTrader","player_choice":"Trade","floor":2.0,"gold_loss":0.0,"damage_taken":0.0,"relics_obtained":["FaceOfCleric"]},{"damage_healed":0.0,"max_hp_gain":0.0,"max_hp_loss":0.0,"gold_gain":0.0,"event_name":"Cursed Tome","player_choice":"Obtained Book","floor":19.0,"gold_loss":0.0,"damage_taken":21.0},{"damage_healed":0.0,"max_hp_gain":0.0,"max_hp_loss":0.0,"gold_gain":0.0,"event_name":"The Mausoleum","player_choice":"Ignored","floor":21.0,"gold_loss":0.0,"damage_taken":0.0},{"damage_healed":0.0,"max_hp_gain":0.0,"max_hp_loss":0.0,"gold_gain":50.0,"event_name":"Nest","player_choice":"Stole From Cult","floor":22.0,"gold_loss":0.0,"damage_taken":0.0},{"damage_healed":0.0,"max_hp_gain":0.0,"max_hp_loss":0.0,"gold_gain":0.0,"event_name":"Addict","player_choice":"Obtained Relic","floor":24.0,"gold_loss":85.0,"damage_taken":0.0,"relics_obtained":["Girya"]},{"damage_healed":0.0,"max_hp_gain":0.0,"max_hp_loss":0.0,"gold_gain":50.0,"event_name":"Golden Shrine","player_choice":"Pray","floor":36.0,"gold_loss":0.0,"damage_taken":0.0},{"damage_healed":0.0,"max_hp_gain":0.0,"max_hp_loss":4.0,"gold_gain":0.0,"event_name":"Winding Halls","player_choice":"Max HP","floor":48.0,"gold_loss":0.0,"damage_taken":0.0}],"is_beta":false,"boss_relics":[{"not_picked":["SacredBark","Velvet Choker"],"picked":"Cursed Key"},{"not_picked":["Calling Bell","Runic Dome"],"picked":"Runic Pyramid"}],"items_purged_floors":[4,14,47],"is_endless":false,"potions_floor_spawned":[1,11,12,16,27,30,33,37,38,40,45,55],"ascension_level":20}