{"gold_per_floor":[116,116,129,54,70,101,121,131,178,197,209,209,45,56,56,133,133,107,118,129,54,54,54,79,79,79,79,91,120,131,143,143,221,221,236,285,19,35,48,48,81,81,106,9,29,44,62,78,78,78,78,78,78,1,35,35],"floor_reached":56,"playtime":2755,"items_purged":["Pain","Dagger Spray"],"score":2204,"play_id":"64898145-9f26-4896-9c8f-e25cdc0414de","local_time":"20240630200634","is_ascension_mode":true,"campfire_choices":[{"data":"Phantasmal Killer","floor":15.0,"key":"SMITH"},{"floor":23.0,"key":"REST"},{"data":"Burst","floor":25.0,"key":"SMITH"},{"data":"Tactician","floor":32.0,"key":"SMITH"},{"floor":40.0,"key":"REST"},{"floor":49.0,"key":"RECALL"},{"data":"Acrobatics","floor":53.0,"key":"SMITH"}],"neow_cost":"NONE","seed_source_timestamp":20601231947200,"circlet_count":0,"master_deck":["AscendersBane","Survivor","Neutralize","Blade Dance","Blade Dance","Leg Sweep","Noxious Fumes","Phantasmal Killer+1","After Image","Endless Agony","All Out Attack","Tactician+1","Footwork","Venomology","Corpse Explosion","Dagger Spray+1","Burst+1","Underhanded Strike+1","Acrobatics+1","Well Laid Plans","Backflip","Finisher+1","After Image","Escape Plan","Prepared+1","Backflip","Madness","Bandage Up","Purity","Escape Plan","Escape Plan","PiercingWail+1"],"special_seed":0,"relics":["Ring of the Snake","WarpedTongs","Boot","Potion Belt","Lee\u0027s Waffle","Pandora\u0027s Box","Molten Egg 2","Gremlin Horn","Vajra","Whetstone","Philosopher\u0027s Stone","Ginger","Orrery","FossilizedHelix","StrikeDummy"],"potions_floor_usage":[55,56,56,56,56,56],"damage_taken":[{"damage":4.0,"enemies":"2 Louse","floor":1.0,"turns":3.0},{"damage":3.0,"enemies":"Cultist","floor":3.0,"turns":4.0},{"damage":0.0,"enemies":"Small Slimes","floor":5.0,"turns":4.0},{"damage":33.0,"enemies":"Gremlin Nob","floor":6.0,"turns":4.0},{"damage":12.0,"enemies":"Exordium Thugs","floor":7.0,"turns":4.0},{"damage":0.0,"enemies":"Looter","floor":8.0,"turns":2.0},{"damage":0.0,"enemies":"3 Louse","floor":10.0,"turns":3.0},{"damage":0.0,"enemies":"2 Fungi Beasts","floor":11.0,"turns":3.0},{"damage":0.0,"enemies":"Exordium Thugs","floor":14.0,"turns":4.0},{"damage":50.0,"enemies":"Hexaghost","floor":16.0,"turns":11.0},{"damage":10.0,"enemies":"2 Thieves","floor":18.0,"turns":4.0},{"damage":15.0,"enemies":"Shell Parasite","floor":19.0,"turns":6.0},{"damage":11.0,"enemies":"Snecko","floor":20.0,"turns":4.0},{"damage":26.0,"enemies":"Book of Stabbing","floor":24.0,"turns":7.0},{"damage":0.0,"enemies":"Chosen and Byrds","floor":28.0,"turns":5.0},{"damage":0.0,"enemies":"Gremlin Leader","floor":29.0,"turns":4.0},{"damage":0.0,"enemies":"3 Cultists","floor":30.0,"turns":3.0},{"damage":0.0,"enemies":"Snecko","floor":31.0,"turns":4.0},{"damage":18.0,"enemies":"Automaton","floor":33.0,"turns":7.0},{"damage":0.0,"enemies":"3 Darklings","floor":35.0,"turns":4.0},{"damage":46.0,"enemies":"2 Orb Walkers","floor":36.0,"turns":4.0},{"damage":1.0,"enemies":"3 Shapes","floor":38.0,"turns":7.0},{"damage":29.0,"enemies":"Spire Growth","floor":39.0,"turns":4.0},{"damage":0.0,"enemies":"Giant Head","floor":41.0,"turns":4.0},{"damage":4.0,"enemies":"4 Shapes","floor":45.0,"turns":8.0},{"damage":30.0,"enemies":"Jaw Worm Horde","floor":46.0,"turns":3.0},{"damage":3.0,"enemies":"Sphere and 2 Shapes","floor":47.0,"turns":8.0},{"damage":0.0,"enemies":"4 Shapes","floor":48.0,"turns":1.0},{"damage":0.0,"enemies":"Awakened One","floor":50.0,"turns":11.0},{"damage":0.0,"enemies":"Donu and Deca","floor":51.0,"turns":10.0},{"damage":14,"enemies":"Shield and Spear","floor":55,"turns":5},{"damage":41,"enemies":"The Heart","floor":56,"turns":3}],"seed_played":"1877808378975991827","potions_obtained":[{"floor":5.0,"key":"CunningPotion"},{"floor":6.0,"key":"CunningPotion"},{"floor":7.0,"key":"SpeedPotion"},{"floor":19.0,"key":"Poison Potion"},{"floor":24.0,"key":"GamblersBrew"},{"floor":28.0,"key":"BlessingOfTheForge"},{"floor":38.0,"key":"Fire Potion"},{"floor":39.0,"key":"PowerPotion"},{"floor":47.0,"key":"GamblersBrew"},{"floor":48.0,"key":"Weak Potion"},{"floor":55,"key":"SkillPotion"}],"is_trial":false,"path_per_floor":["M","?","M","$","M","E","M","M","T","M","M","?","$","M","R","B",null,"M","M","M","?","?","R","E","R","T","?","M","E","M","M","R","B",null,"M","?","$","M","M","R","E","?","T","$","M","M","M","M","R","B","B",null,"R","$","E","B"],"character_chosen":"THE_SILENT","basemod:card_modifiers":[null,null,null,null,null,null,null,null,null,null,null,null,null,null,null,null,null,null,null,null,null,null,null,null,null,null,null,null,null,null,null,null],"items_purchased":["Lee\u0027s Waffle","Orrery","Purity","Escape Plan"],"campfire_rested":2,"item_purchase_floors":[13,37,44,54],"current_hp_per_floor":[55,55,52,52,52,19,7,7,7,7,7,7,73,73,73,23,61,51,36,25,25,25,46,20,20,20,20,20,20,20,20,20,2,55,55,9,9,8,21,42,42,32,32,32,32,10,15,15,15,19,23,61,61,61,51,10],"gold":35,"neow_bonus":"THREE_CARDS","is_prod":false,"is_daily":false,"chose_seed":false,"campfire_upgraded":4,"win_rate":0,"timestamp":1719745594,"path_taken":["M","?","M","$","M","E","M","M","T","?","?","?","?","M","R","BOSS","M","M","M","?","?","R","E","R","T","?","?","E","M","M","R","BOSS","M","?","$","M","M","R","E","?","T","?","M","M","M","M","R","BOSS","BOSS","R","$","E","BOSS"],"build_version":"2022-12-18","purchased_purges":2,"victory":false,"max_hp_per_floor":[66,66,66,66,66,66,66,66,66,66,66,66,73,73,73,73,73,73,73,73,73,73,73,73,73,73,73,73,73,73,73,73,73,73,73,73,73,73,73,73,73,73,73,73,73,73,73,73,73,73,73,73,73,73,73,73],"relic_stats":{"Lee\u0027s Waffle":66,"Gremlin Horn":[27,25],"counters":[32,158],"Pandora\u0027s Box":["Endless Agony","All Out Attack","Tactician","Footwork","Venomology","Corpse Explosion","Dagger Spray","Burst","Phantasmal Killer","Underhanded Strike"],"Whetstone":["Dagger Spray","Underhanded Strike"],"Ginger":[4],"Boot":[183],"obtain_stats":[{"Potion Belt":9,"Lee\u0027s Waffle":13,"Gremlin Horn":26,"Vajra":27,"Whetstone":29,"Ginger":36,"Boot":6,"WarpedTongs":2,"Orrery":37,"Pandora\u0027s Box":17,"Molten Egg 2":24,"Philosopher\u0027s Stone":34,"StrikeDummy":55,"FossilizedHelix":41,"Ring of the Snake":0},{"Potion Belt":6,"Lee\u0027s Waffle":8,"Gremlin Horn":14,"Vajra":14,"Whetstone":16,"Ginger":21,"Boot":4,"WarpedTongs":1,"Orrery":21,"Pandora\u0027s Box":10,"Molten Egg 2":14,"Philosopher\u0027s Stone":19,"StrikeDummy":31,"FossilizedHelix":24,"Ring of the Snake":0},{"Potion Belt":21,"Lee\u0027s Waffle":27,"Gremlin Horn":63,"Vajra":63,"Whetstone":72,"Ginger":94,"Boot":15,"WarpedTongs":3,"Orrery":94,"Pandora\u0027s Box":42,"Molten Egg 2":63,"Philosopher\u0027s Stone":86,"StrikeDummy":155,"FossilizedHelix":109,"Ring of the Snake":0}],"FossilizedHelix":[61],"Ring of the Snake":[64],"WarpedTongs":[153]},"card_choices":[{"not_picked":["Cloak And Dagger","Backflip"],"picked":"Dagger Spray","floor":0.0},{"not_picked":["PiercingWail","Accuracy","Backflip"],"picked":"SKIP","floor":1.0},{"not_picked":["Backflip","Expertise"],"picked":"Blade Dance","floor":3.0},{"not_picked":["All Out Attack","Setup"],"picked":"Blade Dance","floor":5.0},{"not_picked":["Underhanded Strike","Slice","Wraith Form v2"],"picked":"SKIP","floor":6.0},{"not_picked":["Sucker Punch","Masterful Stab","Infinite Blades"],"picked":"SKIP","floor":7.0},{"not_picked":["Sucker Punch","Backflip"],"picked":"Leg Sweep","floor":8.0},{"not_picked":["Dagger Spray","Distraction","Poisoned Stab"],"picked":"SKIP","floor":10.0},{"not_picked":["Flying Knee","Outmaneuver"],"picked":"Noxious Fumes","floor":11.0},{"not_picked":["Heel Hook","Cloak And Dagger","Dash"],"picked":"SKIP","floor":14.0},{"not_picked":["Doppelganger","Malaise"],"picked":"After Image","floor":16.0},{"not_picked":["Sucker Punch+1","Heel Hook+1","Poisoned Stab"],"picked":"SKIP","floor":18.0},{"not_picked":["Poisoned Stab","PiercingWail","Flechettes"],"picked":"SKIP","floor":19.0},{"not_picked":["Accuracy","Caltrops"],"picked":"Acrobatics","floor":20.0},{"not_picked":["Quick Slash+1","Cloak And Dagger","PiercingWail"],"picked":"SKIP","floor":24.0},{"not_picked":["Prepared","Bane+1"],"picked":"Backflip","floor":28.0},{"not_picked":["Outmaneuver","Dagger Throw+1","Dagger Spray+1"],"picked":"SKIP","floor":29.0},{"not_picked":["Outmaneuver","Distraction+1","Blur"],"picked":"SKIP","floor":30.0},{"not_picked":["Caltrops","Bane+1"],"picked":"Finisher+1","floor":31.0},{"not_picked":["Night Terror","Tools of the Trade"],"picked":"After Image","floor":33.0},{"not_picked":["Dodge and Roll","Poisoned Stab+1"],"picked":"Escape Plan","floor":35.0},{"not_picked":["Bullet Time","Noxious Fumes+1"],"picked":"Prepared+1","floor":37.0},{"not_picked":["PiercingWail","Cloak And Dagger"],"picked":"Backflip","floor":37.0},{"not_picked":["Endless Agony+1","Deflect+1","Masterful Stab+1"],"picked":"SKIP","floor":38.0},{"not_picked":["Dodge and Roll","Poisoned Stab+1","Deflect"],"picked":"SKIP","floor":39.0},{"not_picked":["Terror","Underhanded Strike+1","Tools of the Trade"],"picked":"SKIP","floor":41.0},{"not_picked":["HandOfGreed+1","Panacea"],"picked":"Madness","floor":42.0},{"not_picked":["Enlightenment","Madness"],"picked":"Bandage Up","floor":42.0},{"not_picked":["Choke+1","Deadly Poison","Quick Slash+1"],"picked":"SKIP","floor":45.0},{"not_picked":["Deflect","Deadly Poison"],"picked":"Escape Plan","floor":46.0},{"not_picked":["Heel Hook+1","Blur+1","Flying Knee+1"],"picked":"SKIP","floor":47.0},{"not_picked":["Cloak And Dagger","Deflect+1","All Out Attack+1"],"picked":"SKIP","floor":48.0},{"not_picked":["Doppelganger","Tactician"],"picked":"PiercingWail+1","floor":55}],"player_experience":746100,"relics_obtained":[{"floor":6.0,"key":"Boot"},{"floor":9.0,"key":"Potion Belt"},{"floor":24.0,"key":"Molten Egg 2"},{"floor":26.0,"key":"Gremlin Horn"},{"floor":29.0,"key":"Whetstone"},{"floor":36.0,"key":"Ginger"},{"floor":41.0,"key":"FossilizedHelix"},{"floor":55,"key":"StrikeDummy"}],"event_choices":[{"damage_healed":0.0,"max_hp_gain":0.0,"max_hp_loss":0.0,"gold_gain":0.0,"event_name":"Accursed Blacksmith","player_choice":"Rummage","floor":2.0,"gold_loss":0.0,"damage_taken":0.0,"relics_obtained":["WarpedTongs"],"cards_obtained":["Pain"]},{"damage_healed":0.0,"max_hp_gain":0.0,"max_hp_loss":0.0,"gold_gain":0.0,"event_name":"Match and Keep!","player_choice":"1 cards matched","floor":12.0,"gold_loss":0.0,"damage_taken":0.0,"cards_obtained":["Phantasmal Killer"]},{"cards_removed":["Phantasmal Killer"],"damage_healed":0.0,"max_hp_gain":0.0,"max_hp_loss":0.0,"gold_gain":0.0,"event_name":"Beggar","player_choice":"Gave Gold","floor":21.0,"gold_loss":75.0,"damage_taken":0.0},{"damage_healed":0.0,"max_hp_gain":0.0,"max_hp_loss":0.0,"gold_gain":0.0,"event_name":"The Library","player_choice":"Read","floor":22.0,"gold_loss":0.0,"damage_taken":0.0,"cards_obtained":["Well Laid Plans"]},{"damage_healed":0.0,"max_hp_gain":0.0,"max_hp_loss":0.0,"gold_gain":0.0,"event_name":"WeMeetAgain","player_choice":"Gave Potion","floor":27.0,"gold_loss":0.0,"damage_taken":0.0,"relics_obtained":["Vajra"]},{"damage_healed":0.0,"max_hp_gain":0.0,"max_hp_loss":0.0,"gold_gain":0.0,"event_name":"Mysterious Sphere","player_choice":"Fight","floor":36.0,"gold_loss":0.0,"damage_taken":0.0},{"damage_healed":0.0,"max_hp_gain":0.0,"max_hp_loss":0.0,"gold_gain":0.0,"event_name":"SensoryStone","player_choice":"Memory 3","floor":42.0,"gold_loss":0.0,"damage_taken":10.0}],"is_beta":false,"boss_relics":[{"not_picked":["Busted Crown","Snecko Eye"],"picked":"Pandora\u0027s Box"},{"not_picked":["Cursed Key","SlaversCollar"],"picked":"Philosopher\u0027s Stone"}],"items_purged_floors":[4,37],"is_endless":false,"potions_floor_spawned":[5,6,7,19,24,28,38,39,47,48,55],"killed_by":"The Heart","ascension_level":20}