{"gold_per_floor":[110,123,141,141,151,181],"floor_reached":6,"playtime":123,"items_purged":[],"score":96,"play_id":"a65f3354-9ce1-4445-a537-7bf6b28aed17","local_time":"20240630190059","is_ascension_mode":true,"campfire_choices":[],"neow_cost":"NONE","seed_source_timestamp":19483960264100,"circlet_count":0,"master_deck":["AscendersBane","Strike_G","Strike_G","Strike_G","Strike_G","Strike_G","Defend_G","Defend_G","Defend_G","Defend_G","Defend_G","Survivor","Neutralize","Flying Knee","Underhanded Strike","Slice","Footwork"],"relics":["Ring of the Snake","NeowsBlessing","Oddly Smooth Stone"],"potions_floor_usage":[6],"damage_taken":[{"damage":0,"enemies":"Jaw Worm","floor":1,"turns":1},{"damage":0,"enemies":"Small Slimes","floor":2,"turns":1},{"damage":0,"enemies":"2 Louse","floor":3,"turns":1},{"damage":17,"enemies":"Large Slime","floor":5,"turns":9},{"damage":32,"enemies":"Gremlin Nob","floor":6,"turns":4}],"seed_played":"-7397905179422824498","potions_obtained":[{"floor":2,"key":"FearPotion"},{"floor":3,"key":"PowerPotion"}],"is_trial":false,"path_per_floor":["M","M","M","?","M","E"],"character_chosen":"THE_SILENT","basemod:card_modifiers":[null,null,null,null,null,null,null,null,null,null,null,null,null,null,null,null,null],"items_purchased":[],"campfire_rested":0,"item_purchase_floors":[],"current_hp_per_floor":[59,59,59,59,42,10],"gold":181,"neow_bonus":"THREE_ENEMY_KILL","is_prod":false,"is_daily":false,"chose_seed":false,"campfire_upgraded":0,"win_rate":0,"timestamp":1719741659,"path_taken":["M","M","M","?","M","E"],"build_version":"2022-12-18","purchased_purges":0,"victory":false,"max_hp_per_floor":[66,66,66,66,66,66],"relic_stats":{"counters":[5,16],"obtain_stats":[{"NeowsBlessing":0,"Oddly Smooth Stone":6,"Ring of the Snake":0},{"NeowsBlessing":0,"Oddly Smooth Stone":5,"Ring of the Snake":0},{"NeowsBlessing":0,"Oddly Smooth Stone":16,"Ring of the Snake":0}],"Ring of the Snake":[10]},"card_choices":[{"not_picked":["Skewer","Catalyst"],"picked":"Flying Knee","floor":1},{"not_picked":["Poisoned Stab","Acrobatics"],"picked":"Underhanded Strike","floor":2},{"not_picked":["Cloak And Dagger","Leg Sweep"],"picked":"Slice","floor":3},{"not_picked":["Deadly Poison","Backflip"],"picked":"Footwork","floor":5}],"player_experience":745122,"relics_obtained":[{"floor":6,"key":"Oddly Smooth Stone"}],"event_choices":[{"damage_healed":0,"gold_gain":0,"player_choice":"Ignored","damage_taken":0,"max_hp_gain":0,"max_hp_loss":0,"event_name":"Liars Game","floor":4,"gold_loss":0}],"is_beta":false,"boss_relics":[],"items_purged_floors":[],"is_endless":false,"potions_floor_spawned":[2,3],"killed_by":"Gremlin Nob","ascension_level":20}