{"gold_per_floor":[110,185,203,221,221,221,248,248,248,260,260,280,280,312,312,312],"floor_reached":16,"playtime":327,"items_purged":[],"score":220,"play_id":"cfed1d77-bdfa-4236-acfc-e5dab7a1559e","local_time":"20240630190734","is_ascension_mode":true,"campfire_choices":[{"data":"Deadly Poison","floor":6.0,"key":"SMITH"},{"floor":8.0,"key":"REST"},{"floor":15,"key":"REST"}],"neow_cost":"NONE","seed_source_timestamp":19615853625000,"circlet_count":0,"master_deck":["AscendersBane","Strike_G","Strike_G","Strike_G","Strike_G","Strike_G","Defend_G","Defend_G","Defend_G","Defend_G","Defend_G","Survivor","Neutralize","Deadly Poison+1","Escape Plan","Acrobatics","Endless Agony","Adrenaline"],"special_seed":0,"relics":["Ring of the Snake","NeowsBlessing","Tingsha","Frozen Egg 2","InkBottle"],"potions_floor_usage":[],"damage_taken":[{"damage":0.0,"enemies":"Jaw Worm","floor":1.0,"turns":1.0},{"damage":0.0,"enemies":"Small Slimes","floor":3.0,"turns":1.0},{"damage":0.0,"enemies":"Cultist","floor":4.0,"turns":1.0},{"damage":42.0,"enemies":"Lagavulin","floor":7.0,"turns":11.0},{"damage":1.0,"enemies":"Looter","floor":10.0,"turns":3.0},{"damage":3.0,"enemies":"Blue Slaver","floor":12.0,"turns":4.0},{"damage":54,"enemies":"3 Sentries","floor":14,"turns":18},{"damage":21,"enemies":"Hexaghost","floor":16,"turns":9}],"seed_played":"5143782791061438809","potions_obtained":[{"floor":1.0,"key":"Regen Potion"},{"floor":4.0,"key":"LiquidBronze"},{"floor":5.0,"key":"Fire Potion"},{"floor":12.0,"key":"FairyPotion"}],"is_trial":false,"path_per_floor":["M","?","M","M","?","R","E","R","T","M","?","M","?","E","R","B"],"character_chosen":"THE_SILENT","basemod:card_modifiers":[null,null,null,null,null,null,null,null,null,null,null,null,null,null,null,null,null,null],"items_purchased":[],"campfire_rested":2,"item_purchase_floors":[],"current_hp_per_floor":[59,48,48,48,48,48,6,25,25,24,24,33,33,2,21,0],"gold":312,"neow_bonus":"THREE_ENEMY_KILL","is_prod":false,"is_daily":false,"chose_seed":false,"campfire_upgraded":1,"win_rate":0,"timestamp":1719742054,"path_taken":["M","?","M","M","?","R","E","R","T","?","?","M","?","E","R","BOSS"],"build_version":"2022-12-18","purchased_purges":0,"victory":false,"max_hp_per_floor":[66,66,66,66,66,66,66,66,66,66,66,66,66,66,66,66],"relic_stats":{"counters":[8,48],"Tingsha":[39],"obtain_stats":[{"NeowsBlessing":0,"Tingsha":7,"Frozen Egg 2":9,"InkBottle":14,"Ring of the Snake":0},{"NeowsBlessing":0,"Tingsha":4,"Frozen Egg 2":4,"InkBottle":7,"Ring of the Snake":0},{"NeowsBlessing":0,"Tingsha":14,"Frozen Egg 2":14,"InkBottle":39,"Ring of the Snake":0}],"InkBottle":[3],"Ring of the Snake":[16]},"card_choices":[{"not_picked":["Quick Slash","Footwork"],"picked":"Deadly Poison","floor":1.0},{"not_picked":["Quick Slash","Choke","Cloak And Dagger"],"picked":"SKIP","floor":3.0},{"not_picked":["Infinite Blades","Slice"],"picked":"Escape Plan","floor":4.0},{"not_picked":["PiercingWail","Backflip"],"picked":"Acrobatics","floor":7.0},{"not_picked":["Outmaneuver","Acrobatics"],"picked":"Endless Agony","floor":10.0},{"not_picked":["Sucker Punch","Acrobatics","Slice"],"picked":"SKIP","floor":12.0},{"not_picked":["Poisoned Stab","Sucker Punch"],"picked":"Adrenaline","floor":14}],"player_experience":745245,"relics_obtained":[{"floor":7.0,"key":"Tingsha"},{"floor":9.0,"key":"Frozen Egg 2"},{"floor":14,"key":"InkBottle"}],"event_choices":[{"damage_healed":0.0,"max_hp_gain":0.0,"max_hp_loss":0.0,"gold_gain":75.0,"event_name":"World of Goop","player_choice":"Gather Gold","floor":2.0,"gold_loss":0.0,"damage_taken":11.0},{"damage_healed":0.0,"max_hp_gain":0.0,"max_hp_loss":0.0,"gold_gain":0.0,"event_name":"Lab","player_choice":"Got Potions","floor":5.0,"gold_loss":0.0,"damage_taken":0.0},{"damage_healed":0.0,"max_hp_gain":0.0,"max_hp_loss":0.0,"gold_gain":0.0,"event_name":"Shining Light","player_choice":"Ignored","floor":11.0,"gold_loss":0.0,"damage_taken":0.0},{"damage_healed":0.0,"max_hp_gain":0.0,"max_hp_loss":0.0,"gold_gain":0.0,"event_name":"Scrap Ooze","player_choice":"Fled","floor":13.0,"gold_loss":0.0,"damage_taken":0.0}],"is_beta":false,"boss_relics":[],"items_purged_floors":[],"is_endless":false,"potions_floor_spawned":[1,4,7,12],"killed_by":"Hexaghost","ascension_level":20}