{"gold_per_floor":[115,115,115,15,15,48,66,110,110,110,110],"floor_reached":11,"playtime":2453,"items_purged":["Strike_G"],"score":208,"play_id":"7e799e94-f721-46cc-8b1b-9328401f000a","local_time":"20240704184342","is_ascension_mode":true,"campfire_choices":[],"neow_cost":"NONE","seed_source_timestamp":17850417987200,"circlet_count":0,"master_deck":["AscendersBane","Strike_G","Strike_G","Defend_G","Defend_G","Defend_G","Defend_G","Defend_G","Survivor","Neutralize","Eviscerate","Dagger Throw","Concentrate","Backflip","Prepared"],"relics":["Ring of the Snake","NeowsBlessing","Akabeko","Golden Idol","Mango","Singing Bowl","Gremlin Horn"],"potions_floor_usage":[11],"damage_taken":[{"damage":0,"enemies":"Small Slimes","floor":1,"turns":1},{"damage":0,"enemies":"Lagavulin","floor":6,"turns":1},{"damage":0,"enemies":"Jaw Worm","floor":7,"turns":1},{"damage":7,"enemies":"3 Sentries","floor":8,"turns":8},{"damage":31,"enemies":"Lagavulin","floor":11,"turns":8}],"seed_played":"-3307456713775108857","potions_obtained":[{"floor":8,"key":"SkillPotion"}],"is_trial":false,"path_per_floor":["M","?","T","$","?","E","M","E","T","?","E"],"character_chosen":"THE_SILENT","basemod:card_modifiers":[null,null,null,null,null,null,null,null,null,null,null,null,null,null,null],"items_purchased":["Dagger Throw"],"campfire_rested":0,"item_purchase_floors":[4],"current_hp_per_floor":[59,59,59,59,36,50,50,43,43,36,5],"gold":110,"neow_bonus":"THREE_ENEMY_KILL","is_prod":false,"is_daily":false,"chose_seed":false,"campfire_upgraded":0,"win_rate":0,"timestamp":1720086222,"path_taken":["M","?","?","$","?","E","M","E","T","?","E"],"build_version":"2022-12-18","purchased_purges":1,"victory":false,"max_hp_per_floor":[66,66,66,66,66,80,80,80,80,80,80],"relic_stats":{"Singing Bowl":0,"Gremlin Horn":[0,0],"counters":[5,19],"Golden Idol":20,"obtain_stats":[{"NeowsBlessing":0,"Singing Bowl":8,"Gremlin Horn":9,"Golden Idol":5,"Mango":6,"Akabeko":3,"Ring of the Snake":0},{"NeowsBlessing":0,"Singing Bowl":4,"Gremlin Horn":4,"Golden Idol":1,"Mango":2,"Akabeko":1,"Ring of the Snake":0},{"NeowsBlessing":0,"Singing Bowl":11,"Gremlin Horn":11,"Golden Idol":1,"Mango":2,"Akabeko":1,"Ring of the Snake":0}],"Ring of the Snake":[10]},"card_choices":[{"not_picked":["Sucker Punch","Deflect"],"picked":"Eviscerate","floor":1},{"not_picked":["Distraction","Infinite Blades"],"picked":"Concentrate","floor":6},{"not_picked":["Leg Sweep","Dodge and Roll"],"picked":"Backflip","floor":7},{"not_picked":["Finisher","Noxious Fumes"],"picked":"Prepared","floor":8}],"player_experience":767770,"relics_obtained":[{"floor":3,"key":"Akabeko"},{"floor":6,"key":"Mango"},{"floor":8,"key":"Singing Bowl"},{"floor":9,"key":"Gremlin Horn"}],"event_choices":[{"cards_removed":["Strike_G"],"damage_healed":0,"gold_gain":0,"player_choice":"Forget","damage_taken":0,"max_hp_gain":0,"max_hp_loss":0,"event_name":"Living Wall","floor":2,"gold_loss":0},{"damage_healed":0,"gold_gain":0,"player_choice":"Take Damage","damage_taken":23,"relics_obtained":["Golden Idol"],"max_hp_gain":0,"max_hp_loss":0,"event_name":"Golden Idol","floor":5,"gold_loss":0},{"cards_removed":["Strike_G"],"damage_healed":0,"gold_gain":0,"player_choice":"Card Removal","damage_taken":7,"max_hp_gain":0,"max_hp_loss":0,"event_name":"Golden Wing","floor":10,"gold_loss":0}],"is_beta":false,"boss_relics":[],"items_purged_floors":[4],"is_endless":false,"potions_floor_spawned":[8],"killed_by":"Lagavulin","ascension_level":20}