{"gold_per_floor":[109,109,126,126,140,140,157,170,194,205,220,233,253,267,267,267],"floor_reached":16,"playtime":362,"items_purged":[],"score":200,"play_id":"ce7551f0-0338-4cde-925d-ae2b76db01f8","local_time":"20240704173851","is_ascension_mode":true,"campfire_choices":[{"data":"Calculated Gamble","floor":6.0,"key":"SMITH"},{"floor":15,"key":"REST"}],"neow_cost":"NONE","seed_source_timestamp":16024589953200,"circlet_count":0,"master_deck":["AscendersBane","Strike_G","Strike_G","Strike_G","Defend_G","Defend_G","Defend_G","Defend_G","Defend_G","Survivor","Neutralize","Calculated Gamble+1","After Image","Underhanded Strike","Dagger Throw","Grand Finale","Backflip","Prepared"],"special_seed":0,"relics":["Ring of the Snake","NeowsBlessing","Ancient Tea Set"],"potions_floor_usage":[14,16],"damage_taken":[{"damage":0.0,"enemies":"Jaw Worm","floor":1.0,"turns":1.0},{"damage":0.0,"enemies":"Small Slimes","floor":3.0,"turns":2.0},{"damage":0.0,"enemies":"2 Louse","floor":5.0,"turns":1.0},{"damage":0.0,"enemies":"2 Fungi Beasts","floor":7.0,"turns":5.0},{"damage":14.0,"enemies":"Large Slime","floor":8.0,"turns":12.0},{"damage":9.0,"enemies":"Exordium Wildlife","floor":10.0,"turns":6.0},{"damage":6.0,"enemies":"Blue Slaver","floor":11.0,"turns":5.0},{"damage":0.0,"enemies":"Looter","floor":12.0,"turns":4.0},{"damage":14.0,"enemies":"Exordium Wildlife","floor":13.0,"turns":4.0},{"damage":0,"enemies":"Lots of Slimes","floor":14,"turns":5},{"damage":38,"enemies":"Slime Boss","floor":16,"turns":6}],"seed_played":"4220979355561450145","potions_obtained":[{"floor":7.0,"key":"AttackPotion"},{"floor":8.0,"key":"LiquidMemories"},{"floor":10.0,"key":"DistilledChaos"},{"floor":12.0,"key":"Fruit Juice"},{"floor":13.0,"key":"Strength Potion"}],"is_trial":false,"path_per_floor":["M","?","M","?","M","R","M","M","T","M","M","M","M","M","R","B"],"character_chosen":"THE_SILENT","basemod:card_modifiers":[null,null,null,null,null,null,null,null,null,null,null,null,null,null,null,null,null,null],"items_purchased":[],"campfire_rested":1,"item_purchase_floors":[],"current_hp_per_floor":[59,52,52,52,52,52,52,38,38,29,23,23,14,14,35,0],"gold":267,"neow_bonus":"THREE_ENEMY_KILL","is_prod":false,"is_daily":false,"chose_seed":false,"campfire_upgraded":1,"win_rate":0,"timestamp":1720082331,"path_taken":["M","?","M","?","M","R","M","M","T","M","M","M","M","M","R","BOSS"],"build_version":"2022-12-18","purchased_purges":0,"victory":false,"max_hp_per_floor":[66,66,66,66,66,66,66,66,66,66,66,66,71,71,71,71],"relic_stats":{"counters":[11,51],"Ancient Tea Set":[2],"obtain_stats":[{"NeowsBlessing":0,"Ancient Tea Set":9,"Ring of the Snake":0},{"NeowsBlessing":0,"Ancient Tea Set":5,"Ring of the Snake":0},{"NeowsBlessing":0,"Ancient Tea Set":21,"Ring of the Snake":0}],"Ring of the Snake":[22]},"card_choices":[{"not_picked":["Deadly Poison","Sucker Punch"],"picked":"Calculated Gamble","floor":1.0},{"not_picked":["Quick Slash","Slice","Bane"],"picked":"SKIP","floor":3.0},{"not_picked":["Acrobatics","Flying Knee"],"picked":"After Image","floor":5.0},{"not_picked":["Poisoned Stab","Prepared","Backflip"],"picked":"SKIP","floor":7.0},{"not_picked":["Catalyst","Tactician"],"picked":"Underhanded Strike","floor":8.0},{"not_picked":["Sucker Punch","Expertise"],"picked":"Dagger Throw","floor":10.0},{"not_picked":["Masterful Stab","Accuracy"],"picked":"Grand Finale","floor":11.0},{"not_picked":["Infinite Blades","Underhanded Strike"],"picked":"Backflip","floor":12.0},{"not_picked":["Riddle With Holes","Outmaneuver","Endless Agony"],"picked":"SKIP","floor":13.0},{"not_picked":["Terror","Sucker Punch"],"picked":"Prepared","floor":14}],"player_experience":766355,"relics_obtained":[{"floor":9.0,"key":"Ancient Tea Set"}],"event_choices":[{"cards_removed":["Strike_G"],"damage_healed":0.0,"max_hp_gain":0.0,"max_hp_loss":0.0,"gold_gain":0.0,"event_name":"Golden Wing","player_choice":"Card Removal","floor":2.0,"gold_loss":0.0,"damage_taken":7.0},{"cards_removed":["Strike_G"],"damage_healed":0.0,"max_hp_gain":0.0,"max_hp_loss":0.0,"gold_gain":0.0,"event_name":"Living Wall","player_choice":"Forget","floor":4.0,"gold_loss":0.0,"damage_taken":0.0}],"is_beta":false,"boss_relics":[],"items_purged_floors":[],"is_endless":false,"potions_floor_spawned":[7,8,10,12,13],"killed_by":"Slime Boss","ascension_level":20}