{"gold_per_floor":[110,110,134,134,134,134,153,1,1,15,15,38,53,71,71,169,169,185,185,110,135,135,135,150,150],"floor_reached":25,"playtime":673,"items_purged":["Strike_G"],"score":390,"play_id":"851107ed-8bbc-402c-8cb4-5b6f2215eec4","local_time":"20240704172814","is_ascension_mode":true,"campfire_choices":[{"data":"Blade Dance","floor":6,"key":"SMITH"},{"data":"Noxious Fumes","floor":11,"key":"SMITH"},{"data":"Reflex","floor":15,"key":"SMITH"},{"floor":23,"key":"REST"}],"neow_cost":"PERCENT_DAMAGE","seed_source_timestamp":15102040183000,"circlet_count":0,"master_deck":["AscendersBane","Strike_G","Strike_G","Defend_G","Defend_G","Defend_G","Survivor","Neutralize","Blade Dance+1","Underhanded Strike","Footwork","Backflip","Noxious Fumes+1","Dodge and Roll","Leg Sweep","Reflex+1","Envenom","Dagger Throw","Prepared"],"relics":["Ring of the Snake","Golden Idol","Blood Vial","SacredBark"],"potions_floor_usage":[16,25,25],"damage_taken":[{"damage":1,"enemies":"Small Slimes","floor":1,"turns":3},{"damage":4,"enemies":"Jaw Worm","floor":3,"turns":5},{"damage":1,"enemies":"Cultist","floor":7,"turns":3},{"damage":0,"enemies":"Red Slaver","floor":10,"turns":6},{"damage":8,"enemies":"Large Slime","floor":12,"turns":6},{"damage":9,"enemies":"3 Louse","floor":13,"turns":6},{"damage":11,"enemies":"Exordium Thugs","floor":14,"turns":4},{"damage":7,"enemies":"The Guardian","floor":16,"turns":15},{"damage":17,"enemies":"Spheric Guardian","floor":18,"turns":10},{"damage":14,"enemies":"Shell Parasite","floor":21,"turns":8},{"damage":5,"enemies":"Centurion and Healer","floor":24,"turns":12},{"damage":37,"enemies":"Slavers","floor":25,"turns":4}],"seed_played":"8826593320023826757","potions_obtained":[{"floor":3,"key":"Ancient Potion"},{"floor":12,"key":"SmokeBomb"},{"floor":14,"key":"Block Potion"},{"floor":16,"key":"SmokeBomb"},{"floor":18,"key":"SkillPotion"}],"is_trial":false,"path_per_floor":["M","?","M","?","?","R","M","$","T","M","R","M","M","M","R","B",null,"M","?","?","M","?","R","M","E"],"character_chosen":"THE_SILENT","basemod:card_modifiers":[null,null,null,null,null,null,null,null,null,null,null,null,null,null,null,null,null,null,null],"items_purchased":["Noxious Fumes"],"campfire_rested":1,"item_purchase_floors":[8],"current_hp_per_floor":[43,43,39,39,39,39,38,38,38,40,40,34,27,18,18,13,48,33,33,33,21,21,39,36,1],"gold":150,"neow_bonus":"REMOVE_TWO","is_prod":false,"is_daily":false,"chose_seed":false,"campfire_upgraded":3,"win_rate":0,"timestamp":1720081694,"path_taken":["M","?","M","?","?","R","M","$","T","?","R","M","M","M","R","BOSS","M","?","?","M","?","R","M","E"],"build_version":"2022-12-18","purchased_purges":1,"victory":false,"max_hp_per_floor":[66,60,60,60,60,60,60,60,60,60,60,60,60,60,60,60,60,60,60,60,60,60,60,60,60],"relic_stats":{"Blood Vial":18,"counters":[12,82],"Golden Idol":55,"obtain_stats":[{"Blood Vial":9,"Golden Idol":2,"SacredBark":17,"Ring of the Snake":0},{"Blood Vial":3,"Golden Idol":1,"SacredBark":8,"Ring of the Snake":0},{"Blood Vial":11,"Golden Idol":3,"SacredBark":48,"Ring of the Snake":0}],"Ring of the Snake":[24]},"card_choices":[{"not_picked":["Dodge and Roll","Dagger Spray"],"picked":"Blade Dance","floor":1},{"not_picked":["Deflect","Quick Slash"],"picked":"Underhanded Strike","floor":3},{"not_picked":["Tactician","Caltrops"],"picked":"Backflip","floor":7},{"not_picked":["Deadly Poison","Quick Slash","Choke"],"picked":"SKIP","floor":10},{"not_picked":["Outmaneuver","Expertise"],"picked":"Dodge and Roll","floor":12},{"not_picked":["Reflex","Underhanded Strike"],"picked":"Leg Sweep","floor":13},{"not_picked":["Flying Knee","Underhanded Strike"],"picked":"Reflex","floor":14},{"not_picked":["Doppelganger","Wraith Form v2"],"picked":"Envenom","floor":16},{"not_picked":["Sucker Punch","Setup","Deadly Poison"],"picked":"SKIP","floor":18},{"not_picked":["Flying Knee","Escape Plan"],"picked":"Dagger Throw","floor":21},{"not_picked":["Skewer","Masterful Stab+1"],"picked":"Prepared","floor":24}],"player_experience":765495,"relics_obtained":[{"floor":9,"key":"Blood Vial"}],"event_choices":[{"damage_healed":0,"gold_gain":0,"player_choice":"Lose Max HP","damage_taken":0,"relics_obtained":["Golden Idol"],"max_hp_gain":0,"max_hp_loss":6,"event_name":"Golden Idol","floor":2,"gold_loss":0},{"damage_healed":0,"gold_gain":0,"player_choice":"Fled","damage_taken":0,"max_hp_gain":0,"max_hp_loss":0,"event_name":"Scrap Ooze","floor":4,"gold_loss":0},{"damage_healed":0,"gold_gain":0,"cards_transformed":["Strike_G"],"player_choice":"Transformed","damage_taken":0,"max_hp_gain":0,"max_hp_loss":0,"event_name":"Transmorgrifier","floor":5,"gold_loss":0,"cards_obtained":["Footwork"]},{"damage_healed":0,"gold_gain":0,"player_choice":"Ignored","damage_taken":0,"max_hp_gain":0,"max_hp_loss":0,"event_name":"The Mausoleum","floor":19,"gold_loss":0},{"cards_removed":["Defend_G"],"damage_healed":0,"gold_gain":0,"player_choice":"Gave Gold","damage_taken":0,"max_hp_gain":0,"max_hp_loss":0,"event_name":"Beggar","floor":20,"gold_loss":75},{"damage_healed":0,"gold_gain":0,"player_choice":"Ignored","damage_taken":0,"max_hp_gain":0,"max_hp_loss":0,"event_name":"Vampires","floor":22,"gold_loss":0}],"is_beta":false,"boss_relics":[{"not_picked":["Sozu","Busted Crown"],"picked":"SacredBark"}],"items_purged_floors":[8],"is_endless":false,"potions_floor_spawned":[3,12,14,16,18,21],"killed_by":"Slavers","ascension_level":20}