{"gold_per_floor":[117,117,127,146,156,156,187,187,187,112,124,140,140,167,167,167],"floor_reached":16,"playtime":555,"items_purged":["Strike_G"],"score":224,"play_id":"6a6f7d11-96ff-4af5-b460-80b8edd38f38","local_time":"20240704160052","is_ascension_mode":true,"campfire_choices":[{"data":"A Thousand Cuts","floor":6,"key":"SMITH"},{"floor":8,"key":"REST"},{"floor":15,"key":"REST"}],"neow_cost":"TEN_PERCENT_HP_LOSS","seed_source_timestamp":9979482455900,"circlet_count":0,"master_deck":["AscendersBane","Strike_G","Strike_G","Strike_G","Strike_G","Defend_G","Defend_G+1","Defend_G","Defend_G","Defend_G","Survivor+1","Neutralize","A Thousand Cuts+1","Crippling Poison","Dash","Well Laid Plans","Slice"],"relics":["Ring of the Snake","CultistMask","War Paint","Vajra","Singing Bowl"],"potions_floor_usage":[5,7,14,14],"damage_taken":[{"damage":4,"enemies":"Small Slimes","floor":1,"turns":5},{"damage":5,"enemies":"Cultist","floor":3,"turns":5},{"damage":5,"enemies":"Jaw Worm","floor":4,"turns":5},{"damage":11,"enemies":"2 Fungi Beasts","floor":5,"turns":5},{"damage":27,"enemies":"Lagavulin","floor":7,"turns":11},{"damage":2,"enemies":"Exordium Thugs","floor":11,"turns":4},{"damage":0,"enemies":"Looter","floor":12,"turns":4},{"damage":9,"enemies":"3 Sentries","floor":14,"turns":7},{"damage":38,"enemies":"The Guardian","floor":16,"turns":11}],"seed_played":"-6738178331251631536","potions_obtained":[{"floor":1,"key":"Poison Potion"},{"floor":4,"key":"SkillPotion"},{"floor":5,"key":"Block Potion"},{"floor":7,"key":"DistilledChaos"}],"is_trial":false,"path_per_floor":["M","?","M","M","M","R","E","R","T","$","M","M","?","E","R","B"],"character_chosen":"THE_SILENT","basemod:card_modifiers":[null,null,null,null,null,null,null,null,null,null,null,null,null,null,null,null,null],"items_purchased":[],"campfire_rested":2,"item_purchase_floors":[],"current_hp_per_floor":[55,55,50,45,34,34,7,25,25,25,23,23,23,16,34,0],"gold":167,"neow_bonus":"THREE_RARE_CARDS","is_prod":false,"is_daily":false,"chose_seed":false,"campfire_upgraded":1,"win_rate":0,"timestamp":1720076452,"path_taken":["M","?","M","M","M","R","E","R","T","$","?","M","?","E","R","BOSS"],"build_version":"2022-12-18","purchased_purges":1,"victory":false,"max_hp_per_floor":[60,60,60,60,60,60,60,60,60,60,60,60,60,62,62,62],"relic_stats":{"Singing Bowl":2,"counters":[9,57],"War Paint":["Survivor","Defend_G"],"obtain_stats":[{"Singing Bowl":14,"Vajra":9,"CultistMask":2,"War Paint":7,"Ring of the Snake":0},{"Singing Bowl":8,"Vajra":5,"CultistMask":1,"War Paint":5,"Ring of the Snake":0},{"Singing Bowl":46,"Vajra":31,"CultistMask":5,"War Paint":31,"Ring of the Snake":0}],"Ring of the Snake":[18]},"card_choices":[{"not_picked":["Bullet Time","After Image"],"picked":"A Thousand Cuts","floor":0},{"not_picked":["Acrobatics","PiercingWail"],"picked":"Crippling Poison","floor":1},{"not_picked":["Tactician","Riddle With Holes"],"picked":"Dash","floor":3},{"not_picked":["Outmaneuver","Tactician"],"picked":"Well Laid Plans","floor":4},{"not_picked":["Underhanded Strike","Dodge and Roll","Finisher"],"picked":"SKIP","floor":5},{"not_picked":["Terror","Backflip"],"picked":"Slice","floor":7},{"not_picked":["Unload","Deadly Poison","Endless Agony"],"picked":"SKIP","floor":11},{"not_picked":["Dagger Spray","Deflect","Infinite Blades"],"picked":"SKIP","floor":12},{"not_picked":["Prepared","Underhanded Strike","Expertise"],"picked":"Singing Bowl","floor":14}],"player_experience":760954,"relics_obtained":[{"floor":7,"key":"War Paint"},{"floor":9,"key":"Vajra"},{"floor":14,"key":"Singing Bowl"}],"event_choices":[{"damage_healed":0,"gold_gain":0,"player_choice":"Trade","damage_taken":0,"relics_obtained":["CultistMask"],"max_hp_gain":0,"max_hp_loss":0,"event_name":"FaceTrader","floor":2,"gold_loss":0},{"damage_healed":0,"gold_gain":0,"player_choice":"Ignored","damage_taken":0,"max_hp_gain":0,"max_hp_loss":0,"event_name":"Liars Game","floor":13,"gold_loss":0}],"is_beta":false,"boss_relics":[],"items_purged_floors":[10],"is_endless":false,"potions_floor_spawned":[1,4,5,7],"killed_by":"The Guardian","ascension_level":20}