{"gold_per_floor":[111,111,36,36,49,77,77,105,151,72,102,116,131,142,142,213,213,225,125,138,155,166,41,41],"floor_reached":24,"playtime":494,"items_purged":["Strike_G","Strike_G","Strike_G"],"score":636,"play_id":"2f254bb3-1e72-4b50-b3d7-53736b7d2a2e","local_time":"20240704180211","is_ascension_mode":true,"campfire_choices":[{"data":"Skewer","floor":7.0,"key":"SMITH"},{"data":"Catalyst","floor":15,"key":"SMITH"}],"neow_cost":"NONE","seed_source_timestamp":17295753174900,"circlet_count":0,"master_deck":["AscendersBane","Strike_G","Defend_G","Defend_G","Defend_G","Defend_G","Defend_G","Survivor","Neutralize","Poisoned Stab","Skewer+1","Catalyst+1","Bouncing Flask","Tactician","Calculated Gamble","Well Laid Plans","Corpse Explosion","Prepared"],"special_seed":0,"relics":["Ring of the Snake","NeowsBlessing","Vajra","InkBottle","Strawberry","Blood Vial","HoveringKite"],"potions_floor_usage":[8,11,20,20,22,24,24],"damage_taken":[{"damage":0.0,"enemies":"Jaw Worm","floor":1.0,"turns":1.0},{"damage":0.0,"enemies":"2 Louse","floor":5.0,"turns":1.0},{"damage":0.0,"enemies":"Gremlin Nob","floor":6.0,"turns":1.0},{"damage":25,"enemies":"Lagavulin","floor":8,"turns":5},{"damage":14,"enemies":"3 Sentries","floor":11,"turns":10},{"damage":0,"enemies":"Cultist","floor":12,"turns":2},{"damage":5,"enemies":"2 Fungi Beasts","floor":13,"turns":3},{"damage":0,"enemies":"Large Slime","floor":14,"turns":4},{"damage":0,"enemies":"The Guardian","floor":16,"turns":8},{"damage":32,"enemies":"Shell Parasite","floor":18,"turns":4},{"damage":0,"enemies":"Chosen","floor":20,"turns":3},{"damage":40,"enemies":"Shelled Parasite and Fungi","floor":21,"turns":5},{"damage":0,"enemies":"Cultist and Chosen","floor":22,"turns":3},{"damage":13,"enemies":"Centurion and Healer","floor":24,"turns":3}],"seed_played":"-707960991780049697","potions_obtained":[{"floor":6.0,"key":"FearPotion"},{"floor":8,"key":"Poison Potion"},{"floor":11,"key":"FearPotion"},{"floor":12,"key":"Strength Potion"},{"floor":20,"key":"FearPotion"},{"floor":21,"key":"Poison Potion"},{"floor":22,"key":"Block Potion"}],"is_trial":false,"path_per_floor":["M","?","$","?","M","E","R","E","T","$","E","M","M","M","R","B",null,"M","$","M","M","M","$","M"],"character_chosen":"THE_SILENT","basemod:card_modifiers":[null,null,null,null,null,null,null,null,null,null,null,null,null,null,null,null,null,null],"items_purchased":["Bouncing Flask"],"campfire_rested":0,"item_purchase_floors":[10],"current_hp_per_floor":[59,64,64,64,64,64,64,39,46,46,32,34,31,33,33,35,67,37,37,39,1,3,3,0],"gold":41,"neow_bonus":"THREE_ENEMY_KILL","is_prod":false,"is_daily":false,"chose_seed":false,"campfire_upgraded":2,"win_rate":0,"timestamp":1720083731,"path_taken":["M","?","$","?","M","E","R","E","T","$","E","M","M","M","R","BOSS","M","$","M","M","M","$","M"],"build_version":"2022-12-18","purchased_purges":3,"victory":false,"max_hp_per_floor":[66,71,71,71,71,71,71,71,78,78,78,78,78,78,78,78,78,78,78,78,78,78,78,78],"relic_stats":{"Blood Vial":18,"counters":[14,53],"HoveringKite":[10],"obtain_stats":[{"Blood Vial":11,"NeowsBlessing":0,"Strawberry":9,"Vajra":6,"HoveringKite":17,"InkBottle":8,"Ring of the Snake":0},{"Blood Vial":5,"NeowsBlessing":0,"Strawberry":4,"Vajra":3,"HoveringKite":9,"InkBottle":4,"Ring of the Snake":0},{"Blood Vial":18,"NeowsBlessing":0,"Strawberry":8,"Vajra":3,"HoveringKite":35,"InkBottle":8,"Ring of the Snake":0}],"InkBottle":[12],"Ring of the Snake":[28]},"card_choices":[{"not_picked":["Sucker Punch","Dagger Spray"],"picked":"Poisoned Stab","floor":1.0},{"not_picked":["Flying Knee","Reflex"],"picked":"Skewer","floor":5.0},{"not_picked":["Leg Sweep","Skewer","Catalyst"],"picked":"SKIP","floor":6.0},{"not_picked":["Leg Sweep","Skewer"],"picked":"Catalyst","floor":6.0},{"not_picked":["Flechettes","Prepared","Quick Slash"],"picked":"SKIP","floor":8},{"not_picked":["Poisoned Stab","Riddle With Holes"],"picked":"Tactician","floor":11},{"not_picked":["Prepared","Dodge and Roll"],"picked":"Calculated Gamble","floor":12},{"not_picked":["Phantasmal Killer","Endless Agony","Cloak And Dagger"],"picked":"SKIP","floor":13},{"not_picked":["Dagger Spray","Riddle With Holes"],"picked":"Well Laid Plans","floor":14},{"not_picked":["Die Die Die","Envenom"],"picked":"Corpse Explosion","floor":16},{"not_picked":["Backstab+1","Outmaneuver","Deadly Poison+1"],"picked":"SKIP","floor":18},{"not_picked":["Infinite Blades","Poisoned Stab"],"picked":"Prepared","floor":20},{"not_picked":["Quick Slash","Noxious Fumes","Distraction"],"picked":"SKIP","floor":21},{"not_picked":["Crippling Poison","Quick Slash","Caltrops"],"picked":"SKIP","floor":22}],"player_experience":767269,"relics_obtained":[{"floor":6.0,"key":"Vajra"},{"floor":8,"key":"InkBottle"},{"floor":9,"key":"Strawberry"},{"floor":11,"key":"Blood Vial"}],"event_choices":[{"damage_healed":0.0,"max_hp_gain":5.0,"max_hp_loss":0.0,"gold_gain":0.0,"event_name":"Big Fish","player_choice":"Donut","floor":2.0,"gold_loss":0.0,"damage_taken":0.0},{"cards_removed":["Strike_G"],"damage_healed":0.0,"max_hp_gain":0.0,"max_hp_loss":0.0,"gold_gain":0.0,"event_name":"Purifier","player_choice":"Purged","floor":4.0,"gold_loss":0.0,"damage_taken":0.0}],"is_beta":false,"boss_relics":[{"not_picked":["Ring of the Serpent","Philosopher\u0027s Stone"],"picked":"HoveringKite"}],"items_purged_floors":[3,19,23],"is_endless":false,"potions_floor_spawned":[6,8,11,12,14,20,21,22],"killed_by":"Centurion and Healer","ascension_level":20}