{"gold_per_floor":[115,40,40,115,126,126,154,174,174,208,220,245,24,34,34,107,107,122,134,150,51,51],"floor_reached":22,"playtime":486,"items_purged":["Strike_R","Strike_R"],"score":512,"play_id":"e1451af2-781b-4cce-aa59-38837aa4cae0","local_time":"20240704163900","is_ascension_mode":true,"campfire_choices":[{"data":"Bash","floor":6.0,"key":"SMITH"},{"data":"Metallicize","floor":15.0,"key":"SMITH"}],"neow_cost":"NONE","seed_source_timestamp":12224546291200,"circlet_count":0,"master_deck":["AscendersBane","Strike_R","Strike_R","Strike_R","Defend_R","Defend_R","Defend_R","Defend_R","Bash+1","Dropkick","Hemokinesis","Pommel Strike","Metallicize+1","Feed","Dark Embrace","Immolate","Feel No Pain","Armaments","Barricade"],"special_seed":0,"relics":["Burning Blood","NeowsBlessing","White Beast Statue","Akabeko","Ancient Tea Set","WingedGreaves","Blood Vial","Membership Card","Runic Pyramid"],"potions_floor_usage":[22],"damage_taken":[{"damage":0.0,"enemies":"Cultist","floor":1.0,"turns":1.0},{"damage":0.0,"enemies":"Small Slimes","floor":5.0,"turns":1.0},{"damage":0.0,"enemies":"3 Sentries","floor":7.0,"turns":2.0},{"damage":4.0,"enemies":"2 Louse","floor":8.0,"turns":2.0},{"damage":2.0,"enemies":"Gremlin Nob","floor":10.0,"turns":3.0},{"damage":10.0,"enemies":"Blue Slaver","floor":11.0,"turns":2.0},{"damage":22.0,"enemies":"3 Sentries","floor":12.0,"turns":10.0},{"damage":13.0,"enemies":"Looter","floor":14.0,"turns":4.0},{"damage":29.0,"enemies":"The Guardian","floor":16.0,"turns":12.0},{"damage":37.0,"enemies":"3 Byrds","floor":18.0,"turns":7.0},{"damage":2.0,"enemies":"Chosen","floor":19.0,"turns":3.0},{"damage":17.0,"enemies":"Centurion and Healer","floor":20.0,"turns":7.0},{"damage":44,"enemies":"Snake Plant","floor":22,"turns":5}],"seed_played":"6456461499480823954","potions_obtained":[{"floor":5.0,"key":"EssenceOfSteel"},{"floor":7.0,"key":"Energy Potion"},{"floor":8.0,"key":"Block Potion"},{"floor":10.0,"key":"BlessingOfTheForge"},{"floor":12.0,"key":"Fire Potion"},{"floor":14.0,"key":"CultistPotion"},{"floor":16.0,"key":"Block Potion"},{"floor":18.0,"key":"Fire Potion"},{"floor":19.0,"key":"Weak Potion"},{"floor":20.0,"key":"Strength Potion"}],"is_trial":false,"path_per_floor":["M","$","?","?","M","R","E","M","T","E","M","E","$","M","R","B",null,"M","M","M","$","M"],"character_chosen":"IRONCLAD","basemod:card_modifiers":[null,null,null,null,null,null,null,null,null,null,null,null,null,null,null,null,null,null,null],"items_purchased":["Membership Card","Armaments","Barricade"],"campfire_rested":0,"item_purchase_floors":[13,21,21],"current_hp_per_floor":[74,74,56,45,51,51,57,59,59,63,59,43,43,41,41,20,64,38,44,38,38,0],"gold":51,"neow_bonus":"THREE_ENEMY_KILL","is_prod":false,"is_daily":false,"chose_seed":false,"campfire_upgraded":2,"win_rate":0,"timestamp":1720078740,"path_taken":["M","?","?","?","?","R","E","M","T","E","M","E","$","M","R","BOSS","M","M","M","$","M"],"build_version":"2022-12-18","purchased_purges":2,"victory":false,"max_hp_per_floor":[75,75,75,75,75,75,75,75,75,75,75,75,75,78,78,78,78,81,81,84,84,84],"relic_stats":{"Blood Vial":12,"counters":[13,59],"WingedGreaves":0,"Membership Card":148,"Ancient Tea Set":[2],"obtain_stats":[{"Blood Vial":12,"NeowsBlessing":0,"WingedGreaves":10,"Membership Card":13,"Ancient Tea Set":9,"Burning Blood":0,"White Beast Statue":3,"Akabeko":7,"Runic Pyramid":17},{"Blood Vial":7,"NeowsBlessing":0,"WingedGreaves":5,"Membership Card":7,"Ancient Tea Set":4,"Burning Blood":0,"White Beast Statue":1,"Akabeko":3,"Runic Pyramid":9},{"Blood Vial":21,"NeowsBlessing":0,"WingedGreaves":9,"Membership Card":21,"Ancient Tea Set":6,"Burning Blood":0,"White Beast Statue":1,"Akabeko":4,"Runic Pyramid":37}],"Burning Blood":72,"White Beast Statue":[0.0,0.024000000000000007,0.0,0.32800000000000007,0.0,0.5280000000000001,0.0,0.12000000000000002,0.0,0.0,0.0,5.256]},"card_choices":[{"not_picked":["Perfected Strike","Cleave"],"picked":"Dropkick","floor":1.0},{"not_picked":["Iron Wave","Searing Blow","Clash"],"picked":"SKIP","floor":5.0},{"not_picked":["Reckless Charge","Ghostly Armor"],"picked":"Hemokinesis","floor":7.0},{"not_picked":["Flex","Warcry","Sword Boomerang"],"picked":"SKIP","floor":8.0},{"not_picked":["Power Through","Clothesline"],"picked":"Pommel Strike","floor":10.0},{"not_picked":["Reaper","Perfected Strike"],"picked":"Metallicize","floor":11.0},{"not_picked":["Clothesline","True Grit"],"picked":"Feed","floor":12.0},{"not_picked":["Fire Breathing","Pommel Strike"],"picked":"Dark Embrace","floor":14.0},{"not_picked":["Berserk","Barricade"],"picked":"Immolate","floor":16.0},{"not_picked":["Sentinel","True Grit"],"picked":"Feel No Pain","floor":18.0},{"not_picked":["Infernal Blade+1","Cleave","Sword Boomerang"],"picked":"SKIP","floor":19.0},{"not_picked":["Battle Trance+1","Thunderclap","Feel No Pain+1"],"picked":"SKIP","floor":20.0}],"player_experience":762991,"relics_obtained":[{"floor":7.0,"key":"Akabeko"},{"floor":9.0,"key":"Ancient Tea Set"},{"floor":10.0,"key":"WingedGreaves"},{"floor":12.0,"key":"Blood Vial"}],"event_choices":[{"damage_healed":0.0,"max_hp_gain":0.0,"max_hp_loss":0.0,"gold_gain":0.0,"event_name":"Scrap Ooze","player_choice":"Success","floor":3.0,"gold_loss":0.0,"damage_taken":18.0,"relics_obtained":["White Beast Statue"]},{"damage_healed":0.0,"max_hp_gain":0.0,"max_hp_loss":0.0,"gold_gain":75.0,"event_name":"World of Goop","player_choice":"Gather Gold","floor":4.0,"gold_loss":0.0,"damage_taken":11.0}],"is_beta":false,"boss_relics":[{"not_picked":["Black Blood","Calling Bell"],"picked":"Runic Pyramid"}],"items_purged_floors":[2,13],"is_endless":false,"potions_floor_spawned":[5,7,8,10,11,12,14,16,18,19,20],"killed_by":"Snake Plant","ascension_level":20}