{"gold_per_floor":[111,125,138,154,154,179,199,199],"floor_reached":8,"playtime":159,"items_purged":[],"score":120,"play_id":"44c46584-59c0-4abb-a8c2-f77c2dab8ccd","local_time":"20240704164146","is_ascension_mode":true,"campfire_choices":[],"neow_cost":"NONE","seed_source_timestamp":12829089566700,"circlet_count":0,"master_deck":["AscendersBane","Strike_R","Strike_R","Strike_R","Strike_R","Strike_R","Defend_R","Defend_R","Defend_R","Defend_R","Bash","Shrug It Off","Blood for Blood","Bloodletting","Armaments","Disarm","Bludgeon"],"relics":["Burning Blood","NeowsBlessing","Omamori","Self Forming Clay"],"potions_floor_usage":[8],"damage_taken":[{"damage":0,"enemies":"Cultist","floor":1,"turns":1},{"damage":0,"enemies":"2 Louse","floor":2,"turns":1},{"damage":0,"enemies":"Small Slimes","floor":3,"turns":1},{"damage":15,"enemies":"Red Slaver","floor":4,"turns":4},{"damage":45,"enemies":"Lagavulin","floor":6,"turns":10},{"damage":12,"enemies":"3 Louse","floor":7,"turns":6},{"damage":3,"enemies":"Gremlin Nob","floor":8,"turns":3}],"seed_played":"-5192415520943018111","potions_obtained":[{"floor":2,"key":"SpeedPotion"},{"floor":4,"key":"PowerPotion"}],"is_trial":false,"path_per_floor":["M","M","M","M","?","E","M","E"],"character_chosen":"IRONCLAD","basemod:card_modifiers":[null,null,null,null,null,null,null,null,null,null,null,null,null,null,null,null,null],"items_purchased":[],"campfire_rested":0,"item_purchase_floors":[],"current_hp_per_floor":[74,75,75,66,66,27,21,18],"gold":199,"neow_bonus":"THREE_ENEMY_KILL","is_prod":false,"is_daily":false,"chose_seed":false,"campfire_upgraded":0,"win_rate":0,"timestamp":1720078906,"path_taken":["M","M","M","M","?","E","M","E"],"build_version":"2022-12-18","purchased_purges":0,"victory":false,"max_hp_per_floor":[75,75,75,75,75,75,75,75],"relic_stats":{"counters":[7,26],"Self Forming Clay":[9],"Omamori":0,"obtain_stats":[{"NeowsBlessing":0,"Self Forming Clay":6,"Omamori":5,"Burning Blood":0},{"NeowsBlessing":0,"Self Forming Clay":5,"Omamori":4,"Burning Blood":0},{"NeowsBlessing":0,"Self Forming Clay":17,"Omamori":7,"Burning Blood":0}],"Burning Blood":25},"card_choices":[{"not_picked":["Flex","True Grit"],"picked":"Shrug It Off","floor":1},{"not_picked":["Cleave","Burning Pact"],"picked":"Blood for Blood","floor":2},{"not_picked":["Heavy Blade","Clothesline"],"picked":"Bloodletting","floor":3},{"not_picked":["Headbutt","Shrug It Off"],"picked":"Armaments","floor":4},{"not_picked":["Heavy Blade","Iron Wave"],"picked":"Disarm","floor":6},{"not_picked":["Havoc","Blood for Blood"],"picked":"Bludgeon","floor":7}],"player_experience":763477,"relics_obtained":[{"floor":5,"key":"Omamori"},{"floor":6,"key":"Self Forming Clay"}],"event_choices":[{"damage_healed":0,"gold_gain":0,"player_choice":"Relic","damage_taken":0,"max_hp_gain":0,"max_hp_loss":0,"event_name":"Wheel of Change","floor":5,"gold_loss":0}],"is_beta":false,"boss_relics":[],"items_purged_floors":[],"is_endless":false,"potions_floor_spawned":[2,4],"killed_by":"Gremlin Nob","ascension_level":20}