{"gold_per_floor":[110,110,110,123,136,164,164,164,189,214,214,232,248,260,260,333,333,344,357,357,108,108,143,143,159,159,189,209,240,240,251,251,327,327,347,125,145,155,155],"floor_reached":39,"playtime":1482,"items_purged":["Strike_R","Strike_R+1"],"score":1056,"play_id":"60741e09-43b9-4987-a20c-55c200890494","local_time":"20240704162853","is_ascension_mode":true,"campfire_choices":[{"floor":8.0,"key":"REST"},{"data":"Whirlwind","floor":11.0,"key":"SMITH"},{"data":"Armaments","floor":15.0,"key":"SMITH"},{"data":"Demon Form","floor":24.0,"key":"SMITH"},{"data":"Rupture","floor":32.0,"key":"SMITH"}],"neow_cost":"PERCENT_DAMAGE","seed_source_timestamp":10541794430700,"circlet_count":0,"master_deck":["AscendersBane","Defend_R","Defend_R","Defend_R+1","Defend_R","Bash","Armaments+1","Whirlwind+1","Thunderclap","Headbutt","Bloodletting","Shrug It Off","Reaper","Burning Pact","Offering","Sword Boomerang","Blood for Blood","Offering","Ghostly","Ghostly","Ghostly","Demon Form+1","Flame Barrier","Rupture+1","Sever Soul","Disarm+1","Second Wind"],"special_seed":0,"relics":["Burning Blood","Orichalcum","Letter Opener","Vajra","Happy Flower","Black Star","MealTicket","Smiling Mask","HornCleat","Matryoshka","Pantograph","Torii","Runic Dome","Lee\u0027s Waffle"],"potions_floor_usage":[],"damage_taken":[{"damage":5.0,"enemies":"Small Slimes","floor":1.0,"turns":6.0},{"damage":10.0,"enemies":"Jaw Worm","floor":4.0,"turns":6.0},{"damage":0.0,"enemies":"Cultist","floor":5.0,"turns":3.0},{"damage":20.0,"enemies":"Gremlin Nob","floor":6.0,"turns":4.0},{"damage":5.0,"enemies":"3 Sentries","floor":10.0,"turns":2.0},{"damage":0.0,"enemies":"Large Slime","floor":12.0,"turns":4.0},{"damage":3.0,"enemies":"Blue Slaver","floor":13.0,"turns":1.0},{"damage":0.0,"enemies":"3 Louse","floor":14.0,"turns":1.0},{"damage":48.0,"enemies":"The Guardian","floor":16.0,"turns":15.0},{"damage":10.0,"enemies":"2 Thieves","floor":18.0,"turns":2.0},{"damage":46.0,"enemies":"Spheric Guardian","floor":19.0,"turns":9.0},{"damage":3.0,"enemies":"Gremlin Leader","floor":23.0,"turns":4.0},{"damage":11.0,"enemies":"Shelled Parasite and Fungi","floor":25.0,"turns":4.0},{"damage":13.0,"enemies":"Slavers","floor":27.0,"turns":5.0},{"damage":0.0,"enemies":"3 Cultists","floor":28.0,"turns":3.0},{"damage":11.0,"enemies":"Book of Stabbing","floor":29.0,"turns":6.0},{"damage":7.0,"enemies":"Centurion and Healer","floor":31.0,"turns":4.0},{"damage":59.0,"enemies":"Champ","floor":33.0,"turns":12.0},{"damage":30.0,"enemies":"3 Shapes","floor":35.0,"turns":8.0},{"damage":39.0,"enemies":"3 Darklings","floor":37.0,"turns":5.0},{"damage":15,"enemies":"4 Shapes","floor":38,"turns":13},{"damage":20,"enemies":"Sphere and 2 Shapes","floor":39,"turns":5}],"seed_played":"2630354523578561478","potions_obtained":[{"floor":4.0,"key":"Energy Potion"},{"floor":5.0,"key":"Regen Potion"},{"floor":13.0,"key":"Swift Potion"},{"floor":18.0,"key":"FearPotion"},{"floor":19.0,"key":"Strength Potion"},{"floor":25.0,"key":"Dexterity Potion"}],"is_trial":false,"path_per_floor":["M","?","T","M","M","E","?","R","T","E","R","M","M","M","R","B",null,"M","M","?","$","?","E","R","M","T","E","M","E","?","M","R","B",null,"M","$","M","M","M"],"character_chosen":"IRONCLAD","basemod:card_modifiers":[null,null,null,null,null,null,null,null,null,null,null,null,null,null,null,null,null,null,null,null,null,null,null,null,null,null,null],"items_purchased":["Blood for Blood","Offering","Lee\u0027s Waffle"],"campfire_rested":1,"item_purchase_floors":[21,21,36],"current_hp_per_floor":[51,28,28,24,30,16,16,38,38,39,39,45,48,54,54,36,65,73,33,33,33,33,36,36,37,37,30,36,37,37,37,37,12,31,37,44,18,14,0],"gold":155,"neow_bonus":"TRANSFORM_TWO_CARDS","is_prod":false,"is_daily":false,"chose_seed":false,"campfire_upgraded":4,"win_rate":0,"timestamp":1720078133,"path_taken":["M","?","?","?","M","E","?","R","T","E","R","M","M","M","R","BOSS","M","M","?","$","?","E","R","M","T","E","M","E","?","?","R","BOSS","M","$","M","M","M"],"build_version":"2022-12-18","purchased_purges":2,"victory":false,"max_hp_per_floor":[75,75,75,75,75,75,75,75,75,75,75,75,75,75,75,75,75,75,75,75,75,37,37,37,37,37,37,37,37,37,37,37,37,37,37,44,44,44,44],"relic_stats":{"Lee\u0027s Waffle":7,"Happy Flower":[33],"Torii":4,"counters":[22,122],"Letter Opener":[295],"Orichalcum":[162],"Smiling Mask":50,"Burning Blood":107,"Matryoshka":0,"Pantograph":0,"MealTicket":0,"Black Star":3,"obtain_stats":[{"Lee\u0027s Waffle":36,"Happy Flower":10,"Torii":29,"Vajra":9,"Letter Opener":6,"Orichalcum":3,"Smiling Mask":23,"Burning Blood":0,"Runic Dome":34,"HornCleat":27,"Matryoshka":27,"Pantograph":29,"MealTicket":23,"Black Star":17},{"Lee\u0027s Waffle":19,"Happy Flower":5,"Torii":16,"Vajra":4,"Letter Opener":4,"Orichalcum":1,"Smiling Mask":12,"Burning Blood":0,"Runic Dome":18,"HornCleat":14,"Matryoshka":14,"Pantograph":16,"MealTicket":12,"Black Star":9},{"Lee\u0027s Waffle":99,"Happy Flower":21,"Torii":75,"Vajra":19,"Letter Opener":19,"Orichalcum":6,"Smiling Mask":57,"Burning Blood":0,"Runic Dome":91,"HornCleat":66,"Matryoshka":66,"Pantograph":75,"MealTicket":57,"Black Star":42}]},"card_choices":[{"not_picked":["Cleave","Heavy Blade"],"picked":"Thunderclap","floor":1.0},{"not_picked":["Wild Strike","Armaments"],"picked":"Headbutt","floor":4.0},{"not_picked":["Heavy Blade","Sentinel"],"picked":"Bloodletting","floor":5.0},{"not_picked":["Carnage","Rampage"],"picked":"Shrug It Off","floor":6.0},{"not_picked":["Bloodletting","Berserk"],"picked":"Reaper","floor":10.0},{"not_picked":["Fire Breathing","Hemokinesis","True Grit"],"picked":"SKIP","floor":12.0},{"not_picked":["Wild Strike","Pommel Strike"],"picked":"Burning Pact","floor":13.0},{"not_picked":["Armaments","Flex","Clash"],"picked":"SKIP","floor":14.0},{"not_picked":["Bludgeon","Brutality"],"picked":"Offering","floor":16.0},{"not_picked":["Infernal Blade","Pummel","Anger"],"picked":"SKIP","floor":18.0},{"not_picked":["True Grit","Rage"],"picked":"Sword Boomerang","floor":19.0},{"not_picked":["Bloodletting","Fiend Fire"],"picked":"Demon Form","floor":23.0},{"not_picked":["Pommel Strike+1","Shockwave"],"picked":"Flame Barrier","floor":25.0},{"not_picked":["Warcry","Clash","Twin Strike"],"picked":"SKIP","floor":27.0},{"not_picked":["Cleave+1","Rampage"],"picked":"Rupture","floor":28.0},{"not_picked":["Headbutt","Anger","Havoc"],"picked":"SKIP","floor":29.0},{"not_picked":["Armaments","Metallicize"],"picked":"Disarm+1","floor":31.0},{"not_picked":["Headbutt","Twin Strike","Clash+1"],"picked":"SKIP","floor":35.0},{"not_picked":["Iron Wave","Havoc"],"picked":"Second Wind","floor":37.0},{"not_picked":["Shrug It Off","Clothesline+1","Sword Boomerang"],"picked":"SKIP","floor":38}],"player_experience":761509,"relics_obtained":[{"floor":3.0,"key":"Orichalcum"},{"floor":6.0,"key":"Letter Opener"},{"floor":9.0,"key":"Vajra"},{"floor":10.0,"key":"Happy Flower"},{"floor":23.0,"key":"MealTicket"},{"floor":23.0,"key":"Smiling Mask"},{"floor":27.0,"key":"HornCleat"},{"floor":27.0,"key":"Matryoshka"},{"floor":29.0,"key":"Pantograph"},{"floor":29.0,"key":"Torii"}],"event_choices":[{"damage_healed":0.0,"max_hp_gain":0.0,"max_hp_loss":0.0,"gold_gain":0.0,"event_name":"Shining Light","player_choice":"Entered Light","floor":2.0,"gold_loss":0.0,"damage_taken":23.0,"cards_upgraded":["Defend_R","Strike_R"]},{"damage_healed":0.0,"max_hp_gain":0.0,"max_hp_loss":0.0,"gold_gain":0.0,"event_name":"Scrap Ooze","player_choice":"Fled","floor":7.0,"gold_loss":0.0,"damage_taken":0.0},{"damage_healed":0.0,"max_hp_gain":0.0,"max_hp_loss":0.0,"gold_gain":0.0,"event_name":"Cursed Tome","player_choice":"Ignored","floor":20.0,"gold_loss":0.0,"damage_taken":0.0},{"damage_healed":0.0,"max_hp_gain":0.0,"max_hp_loss":38.0,"gold_gain":0.0,"event_name":"Ghosts","player_choice":"Became a Ghost","floor":22.0,"gold_loss":0.0,"damage_taken":0.0,"cards_obtained":["Ghostly","Ghostly","Ghostly"]},{"damage_healed":0.0,"max_hp_gain":0.0,"max_hp_loss":0.0,"gold_gain":0.0,"cards_transformed":["Strike_R"],"event_name":"Transmorgrifier","player_choice":"Transformed","floor":30.0,"gold_loss":0.0,"damage_taken":0.0,"cards_obtained":["Sever Soul"]}],"is_beta":false,"boss_relics":[{"not_picked":["Ectoplasm","Busted Crown"],"picked":"Black Star"},{"not_picked":["Black Blood","Snecko Eye"],"picked":"Runic Dome"}],"items_purged_floors":[21,36],"is_endless":false,"potions_floor_spawned":[4,5,13,18,19,23,25],"killed_by":"Sphere and 2 Shapes","ascension_level":20}