{"gold_per_floor":[113,38,48,62,76,76,76,86,112,143,143,170,170,180,180,256,256,275,286,201,215,40,40],"floor_reached":23,"playtime":517,"items_purged":["Pain","Strike_G"],"score":406,"play_id":"94958fa6-3285-456a-b226-f87f048ca08d","local_time":"20240704175243","is_ascension_mode":true,"campfire_choices":[{"data":"Bouncing Flask","floor":7.0,"key":"SMITH"},{"floor":11.0,"key":"REST"},{"floor":13.0,"key":"REST"},{"data":"Sadistic Nature","floor":15.0,"key":"SMITH"}],"neow_cost":"CURSE","seed_source_timestamp":16421132334900,"circlet_count":0,"master_deck":["AscendersBane","Strike_G","Strike_G","Strike_G","Strike_G","Defend_G","Defend_G","Defend_G","Defend_G","Defend_G","Survivor","Neutralize","Sadistic Nature+1","Blade Dance","PiercingWail","Bouncing Flask+1","All Out Attack","Calculated Gamble","Noxious Fumes","Venomology","PiercingWail","Backflip","Footwork"],"special_seed":0,"relics":["Ring of the Snake","Orichalcum","Lantern","Potion Belt","Fusion Hammer","Question Card"],"potions_floor_usage":[23,23,23],"damage_taken":[{"damage":3.0,"enemies":"2 Louse","floor":1.0,"turns":4.0},{"damage":4.0,"enemies":"Small Slimes","floor":3.0,"turns":4.0},{"damage":0.0,"enemies":"Cultist","floor":4.0,"turns":3.0},{"damage":14.0,"enemies":"Large Slime","floor":5.0,"turns":7.0},{"damage":1.0,"enemies":"Looter","floor":8.0,"turns":3.0},{"damage":27.0,"enemies":"Gremlin Nob","floor":10.0,"turns":4.0},{"damage":22.0,"enemies":"3 Sentries","floor":12.0,"turns":9.0},{"damage":4.0,"enemies":"Exordium Wildlife","floor":14.0,"turns":3.0},{"damage":14.0,"enemies":"The Guardian","floor":16.0,"turns":7.0},{"damage":12.0,"enemies":"Shell Parasite","floor":18.0,"turns":5.0},{"damage":0.0,"enemies":"Chosen","floor":19.0,"turns":3.0},{"damage":12.0,"enemies":"Sentry and Sphere","floor":21.0,"turns":4.0},{"damage":67,"enemies":"Slavers","floor":23,"turns":4}],"seed_played":"7820743631741409409","potions_obtained":[{"floor":1.0,"key":"ColorlessPotion"},{"floor":8.0,"key":"Block Potion"},{"floor":10.0,"key":"LiquidBronze"},{"floor":12.0,"key":"CunningPotion"},{"floor":16.0,"key":"LiquidMemories"}],"is_trial":false,"path_per_floor":["M","$","M","M","M","?","R","M","T","E","R","E","R","M","R","B",null,"M","M","?","M","$","E"],"character_chosen":"THE_SILENT","basemod:card_modifiers":[null,null,null,null,null,null,null,null,null,null,null,null,null,null,null,null,null,null,null,null,null,null,null],"items_purchased":["Footwork"],"campfire_rested":2,"item_purchase_floors":[22],"current_hp_per_floor":[56,56,52,52,38,38,38,37,37,10,29,7,26,22,22,8,52,40,40,40,28,28,0],"gold":40,"neow_bonus":"RANDOM_COLORLESS_2","is_prod":false,"is_daily":false,"chose_seed":false,"campfire_upgraded":2,"win_rate":0,"timestamp":1720083163,"path_taken":["M","$","M","M","M","?","R","M","T","E","R","E","R","M","R","BOSS","M","M","?","M","$","E"],"build_version":"2022-12-18","purchased_purges":2,"victory":false,"max_hp_per_floor":[66,66,66,66,66,66,66,66,66,66,66,66,66,66,66,66,66,66,66,66,66,66,66],"relic_stats":{"counters":[13,60],"Orichalcum":[72],"Question Card":1,"obtain_stats":[{"Potion Belt":12,"Lantern":10,"Fusion Hammer":17,"Orichalcum":9,"Question Card":20,"Ring of the Snake":0},{"Potion Belt":7,"Lantern":6,"Fusion Hammer":9,"Orichalcum":5,"Question Card":11,"Ring of the Snake":0},{"Potion Belt":34,"Lantern":25,"Fusion Hammer":44,"Orichalcum":21,"Question Card":52,"Ring of the Snake":0}],"Ring of the Snake":[26]},"card_choices":[{"not_picked":["Metamorphosis","Magnetism"],"picked":"Sadistic Nature","floor":0.0},{"not_picked":["Slice","Flying Knee"],"picked":"Blade Dance","floor":1.0},{"not_picked":["Prepared","Escape Plan"],"picked":"PiercingWail","floor":3.0},{"not_picked":["Quick Slash","Deflect"],"picked":"Bouncing Flask","floor":4.0},{"not_picked":["Poisoned Stab","Flying Knee"],"picked":"All Out Attack","floor":5.0},{"not_picked":["Cloak And Dagger","PiercingWail","Distraction"],"picked":"SKIP","floor":8.0},{"not_picked":["Underhanded Strike","Dagger Throw"],"picked":"Calculated Gamble","floor":10.0},{"not_picked":["Sucker Punch","Setup"],"picked":"Noxious Fumes","floor":12.0},{"not_picked":["Slice","Finisher","Calculated Gamble"],"picked":"SKIP","floor":14.0},{"not_picked":["Grand Finale","Storm of Steel"],"picked":"Venomology","floor":16.0},{"not_picked":["Dagger Throw","Finisher"],"picked":"PiercingWail","floor":18.0},{"not_picked":["Accuracy","Deflect+1"],"picked":"Backflip","floor":19.0},{"not_picked":["Deflect","Prepared","Distraction","Backflip"],"picked":"SKIP","floor":21.0}],"player_experience":766717,"relics_obtained":[{"floor":9.0,"key":"Orichalcum"},{"floor":10.0,"key":"Lantern"},{"floor":12.0,"key":"Potion Belt"}],"event_choices":[{"damage_healed":0.0,"max_hp_gain":0.0,"max_hp_loss":0.0,"gold_gain":0.0,"event_name":"Liars Game","player_choice":"Ignored","floor":6.0,"gold_loss":0.0,"damage_taken":0.0},{"damage_healed":0.0,"max_hp_gain":0.0,"max_hp_loss":0.0,"gold_gain":0.0,"event_name":"Addict","player_choice":"Obtained Relic","floor":20.0,"gold_loss":85.0,"damage_taken":0.0,"relics_obtained":["Question Card"]}],"is_beta":false,"boss_relics":[{"not_picked":["WristBlade","Busted Crown"],"picked":"Fusion Hammer"}],"items_purged_floors":[2,22],"is_endless":false,"potions_floor_spawned":[1,8,10,12,16],"killed_by":"Slavers","ascension_level":20}