{"gold_per_floor":[111,111,125,50,50,77,77,88,134,134,162,173,184,196,196,271,271,289,303,337,42,42,42,67,67,67,83,112,127,24,37,37,37],"floor_reached":33,"playtime":1018,"items_purged":["Strike_G","Strike_G"],"score":694,"play_id":"ac28ad42-5caf-4502-a0e8-7655354503c7","local_time":"20240704230102","is_ascension_mode":true,"campfire_choices":[{"data":"Blade Dance","floor":7,"key":"SMITH"},{"data":"Terror","floor":10,"key":"SMITH"},{"data":"Blade Dance","floor":15,"key":"SMITH"},{"floor":23,"key":"REST"},{"floor":32,"key":"REST"}],"neow_cost":"NONE","seed_source_timestamp":11337777448300,"circlet_count":0,"master_deck":["AscendersBane","Strike_G","Strike_G+1","Strike_G+1","Defend_G","Defend_G","Defend_G","Defend_G","Defend_G","Survivor+1","Neutralize+1","Leg Sweep","Dagger Spray+1","Blade Dance+1","Terror+1","Corpse Explosion","Blade Dance+1","Acrobatics","PiercingWail","Backflip","Footwork","Ghostly","Ghostly","Ghostly","Predator","Underhanded Strike","Acrobatics"],"relics":["Ring of the Snake","NeowsBlessing","Juzu Bracelet","Oddly Smooth Stone","Incense Burner","Snecko Eye","Red Mask","Whetstone","Bronze Scales","Question Card"],"potions_floor_usage":[20,20,24,28,31],"damage_taken":[{"damage":0,"enemies":"Cultist","floor":1,"turns":1},{"damage":0,"enemies":"2 Louse","floor":3,"turns":1},{"damage":0,"enemies":"3 Sentries","floor":6,"turns":1},{"damage":0,"enemies":"Small Slimes","floor":8,"turns":2},{"damage":3,"enemies":"Lagavulin","floor":11,"turns":7},{"damage":2,"enemies":"Exordium Wildlife","floor":12,"turns":4},{"damage":0,"enemies":"Red Slaver","floor":13,"turns":4},{"damage":1,"enemies":"Blue Slaver","floor":14,"turns":6},{"damage":16,"enemies":"The Guardian","floor":16,"turns":14},{"damage":16,"enemies":"Spheric Guardian","floor":18,"turns":8},{"damage":31,"enemies":"Shell Parasite","floor":19,"turns":6},{"damage":0,"enemies":"Masked Bandits","floor":20,"turns":2},{"damage":27,"enemies":"Slavers","floor":24,"turns":3},{"damage":2,"enemies":"Shelled Parasite and Fungi","floor":27,"turns":4},{"damage":5,"enemies":"Gremlin Leader","floor":28,"turns":6},{"damage":0,"enemies":"3 Cultists","floor":29,"turns":2},{"damage":0,"enemies":"Sentry and Sphere","floor":31,"turns":8},{"damage":29,"enemies":"Collector","floor":33,"turns":8}],"seed_played":"-8242297552126951058","potions_obtained":[{"floor":6,"key":"SpeedPotion"},{"floor":11,"key":"Dexterity Potion"},{"floor":13,"key":"LiquidMemories"},{"floor":24,"key":"LiquidBronze"},{"floor":29,"key":"LiquidMemories"}],"is_trial":false,"path_per_floor":["M","?","M","$","?","E","R","M","T","R","E","M","M","M","R","B",null,"M","M","?","$","?","R","E","?","T","M","E","M","$","M","R","B"],"character_chosen":"THE_SILENT","basemod:card_modifiers":[null,null,null,null,null,null,null,null,null,null,null,null,null,null,null,null,null,null,null,null,null,null,null,null,null,null,null],"items_purchased":["Footwork","GhostInAJar","Underhanded Strike","Acrobatics"],"campfire_rested":2,"item_purchase_floors":[21,21,30,30],"current_hp_per_floor":[59,39,39,39,39,39,39,39,39,39,36,34,34,33,33,17,54,38,7,7,7,20,39,12,12,12,10,5,5,5,5,14,0],"gold":37,"neow_bonus":"THREE_ENEMY_KILL","is_prod":false,"is_daily":false,"chose_seed":false,"campfire_upgraded":3,"win_rate":0,"timestamp":1720101662,"path_taken":["M","?","M","$","?","E","R","M","T","R","E","M","M","M","R","BOSS","M","M","?","$","?","R","E","?","T","M","E","M","?","M","R","BOSS"],"build_version":"2022-12-18","purchased_purges":2,"victory":false,"max_hp_per_floor":[66,66,66,66,66,66,66,66,66,66,66,66,66,66,66,66,66,66,66,66,66,66,66,66,33,33,33,33,33,33,33,33,33],"relic_stats":{"counters":[18,87],"Bronze Scales":[68],"Snecko Eye":[96,86,111,90,-181],"Juzu Bracelet":1,"Whetstone":["Strike_G","Neutralize"],"Question Card":2,"obtain_stats":[{"NeowsBlessing":0,"Bronze Scales":26,"Oddly Smooth Stone":9,"Snecko Eye":17,"Juzu Bracelet":6,"Incense Burner":11,"Red Mask":20,"Whetstone":24,"Question Card":28,"Ring of the Snake":0},{"NeowsBlessing":0,"Bronze Scales":13,"Oddly Smooth Stone":4,"Snecko Eye":9,"Juzu Bracelet":3,"Incense Burner":5,"Red Mask":12,"Whetstone":13,"Question Card":15,"Ring of the Snake":0},{"NeowsBlessing":0,"Bronze Scales":59,"Oddly Smooth Stone":5,"Snecko Eye":40,"Juzu Bracelet":3,"Incense Burner":12,"Red Mask":56,"Whetstone":59,"Question Card":69,"Ring of the Snake":0}],"Ring of the Snake":[36]},"card_choices":[{"not_picked":["PiercingWail","Dodge and Roll"],"picked":"Leg Sweep","floor":1},{"not_picked":["Escape Plan","Cloak And Dagger"],"picked":"Dagger Spray","floor":3},{"not_picked":["Quick Slash","Riddle With Holes"],"picked":"Blade Dance","floor":6},{"not_picked":["Bouncing Flask","Dodge and Roll"],"picked":"Terror","floor":8},{"not_picked":["Deflect","Sucker Punch"],"picked":"Corpse Explosion","floor":11},{"not_picked":["Terror","Dagger Throw"],"picked":"Blade Dance","floor":12},{"not_picked":["Catalyst","Blade Dance","Backflip"],"picked":"SKIP","floor":13},{"not_picked":["Catalyst","Blade Dance","Backflip"],"picked":"SKIP","floor":13},{"not_picked":["Quick Slash","Wraith Form v2","Deflect"],"picked":"SKIP","floor":14},{"not_picked":["Prepared","Setup"],"picked":"Acrobatics","floor":18},{"not_picked":["Dagger Spray","Calculated Gamble"],"picked":"PiercingWail","floor":19},{"not_picked":["Blade Dance","Expertise"],"picked":"Backflip","floor":20},{"not_picked":["Calculated Gamble","Caltrops","Infinite Blades"],"picked":"SKIP","floor":24},{"not_picked":["Quick Slash+1","Setup","Sucker Punch"],"picked":"SKIP","floor":27},{"not_picked":["Cloak And Dagger+1","Well Laid Plans","Dagger Throw"],"picked":"SKIP","floor":28},{"not_picked":["Deadly Poison","Outmaneuver","Reflex"],"picked":"Predator","floor":29},{"not_picked":["Deflect+1","Malaise","Slice","Dodge and Roll"],"picked":"SKIP","floor":31}],"player_experience":770223,"relics_obtained":[{"floor":6,"key":"Juzu Bracelet"},{"floor":9,"key":"Oddly Smooth Stone"},{"floor":11,"key":"Incense Burner"},{"floor":20,"key":"Red Mask"},{"floor":24,"key":"Whetstone"},{"floor":26,"key":"Bronze Scales"},{"floor":28,"key":"Question Card"}],"event_choices":[{"damage_healed":0,"gold_gain":0,"player_choice":"Entered Light","damage_taken":20,"max_hp_gain":0,"max_hp_loss":0,"event_name":"Shining Light","floor":2,"gold_loss":0,"cards_upgraded":["Strike_G","Survivor"]},{"damage_healed":0,"gold_gain":0,"player_choice":"Upgraded","damage_taken":0,"max_hp_gain":0,"max_hp_loss":0,"event_name":"Upgrade Shrine","floor":5,"gold_loss":0,"cards_upgraded":["Dagger Spray"]},{"damage_healed":0,"gold_gain":0,"player_choice":"Fought Bandits","damage_taken":0,"max_hp_gain":0,"max_hp_loss":0,"event_name":"Masked Bandits","floor":20,"gold_loss":0},{"damage_healed":13,"gold_gain":0,"player_choice":"Heal","damage_taken":0,"max_hp_gain":0,"max_hp_loss":0,"event_name":"The Library","floor":22,"gold_loss":0},{"damage_healed":0,"gold_gain":0,"player_choice":"Became a Ghost","damage_taken":0,"max_hp_gain":0,"max_hp_loss":33,"event_name":"Ghosts","floor":25,"gold_loss":0,"cards_obtained":["Ghostly","Ghostly","Ghostly"]}],"is_beta":false,"boss_relics":[{"not_picked":["Busted Crown","HoveringKite"],"picked":"Snecko Eye"}],"items_purged_floors":[4,21],"is_endless":false,"potions_floor_spawned":[6,11,13,14,18,24,29],"killed_by":"Collector","ascension_level":20}