{"gold_per_floor":[111,111,36,36,36,46,46,79,106,106,138,138,154,154,154,231,231,251,251,201,215,265,292,292,292],"floor_reached":25,"playtime":692,"items_purged":["Defend_G","Strike_G"],"score":500,"play_id":"0ff46244-bbe0-418a-bb60-94b3d6419b3c","local_time":"20240807002806","is_ascension_mode":true,"campfire_choices":[{"data":"Blade Dance","floor":10,"key":"SMITH"},{"data":"Dagger Throw","floor":12,"key":"SMITH"},{"data":"Bouncing Flask","floor":15,"key":"SMITH"},{"data":"Well Laid Plans","floor":24,"key":"SMITH"}],"neow_cost":"NONE","seed_source_timestamp":42438655626900,"circlet_count":0,"master_deck":["AscendersBane","Strike_G","Strike_G","Strike_G","Defend_G","Defend_G+1","Defend_G","Defend_G+1","Survivor","Neutralize","Dagger Throw+1","Well Laid Plans+1","Blade Dance+1","Bouncing Flask+1","Adrenaline","PiercingWail","Slice+1","Backflip+1"],"relics":["Ring of the Snake","NeowsBlessing","Oddly Smooth Stone","Tiny Chest","Meat on the Bone","Coffee Dripper","SsserpentHead","InkBottle","Art of War"],"potions_floor_usage":[11,16,18,25],"damage_taken":[{"damage":0,"enemies":"Cultist","floor":1,"turns":1},{"damage":0,"enemies":"2 Louse","floor":6,"turns":1},{"damage":0,"enemies":"Gremlin Nob","floor":8,"turns":1},{"damage":18,"enemies":"3 Sentries","floor":11,"turns":10},{"damage":0,"enemies":"Jaw Worm","floor":13,"turns":4},{"damage":24,"enemies":"Hexaghost","floor":16,"turns":10},{"damage":5,"enemies":"3 Byrds","floor":18,"turns":5},{"damage":16,"enemies":"2 Thieves","floor":21,"turns":4},{"damage":19,"enemies":"Book of Stabbing","floor":23,"turns":5},{"damage":37,"enemies":"Slavers","floor":25,"turns":5}],"seed_played":"7625415519968480267","potions_obtained":[{"floor":8,"key":"CunningPotion"},{"floor":11,"key":"SneckoOil"},{"floor":13,"key":"Swift Potion"},{"floor":23,"key":"SkillPotion"}],"is_trial":false,"path_per_floor":["M","?","$","?","?","M","?","E","T","R","E","R","M","?","R","B",null,"M","?","$","M","T","E","R","E"],"character_chosen":"THE_SILENT","basemod:card_modifiers":[null,null,null,null,null,null,null,null,null,null,null,null,null,null,null,null,null,null],"items_purchased":[],"campfire_rested":0,"item_purchase_floors":[],"current_hp_per_floor":[59,59,59,59,59,59,39,39,39,39,21,21,33,38,38,26,60,55,55,55,39,39,32,32,0],"gold":292,"neow_bonus":"THREE_ENEMY_KILL","is_prod":false,"is_daily":false,"chose_seed":false,"campfire_upgraded":4,"win_rate":0,"timestamp":1722958086,"path_taken":["M","?","$","?","?","?","?","E","T","R","E","R","M","?","R","BOSS","M","?","?","M","?","E","R","E"],"build_version":"2022-12-18","purchased_purges":2,"victory":false,"max_hp_per_floor":[66,66,66,66,66,66,66,66,66,66,66,66,66,71,71,71,71,71,71,71,71,71,71,71,71],"relic_stats":{"SsserpentHead":100,"counters":[10,46],"Tiny Chest":1,"Art of War":[1],"obtain_stats":[{"SsserpentHead":19,"NeowsBlessing":0,"Oddly Smooth Stone":8,"Tiny Chest":9,"Coffee Dripper":17,"Art of War":23,"InkBottle":22,"Ring of the Snake":0,"Meat on the Bone":11},{"SsserpentHead":7,"NeowsBlessing":0,"Oddly Smooth Stone":3,"Tiny Chest":3,"Coffee Dripper":6,"Art of War":9,"InkBottle":8,"Ring of the Snake":0,"Meat on the Bone":4},{"SsserpentHead":32,"NeowsBlessing":0,"Oddly Smooth Stone":3,"Tiny Chest":3,"Coffee Dripper":27,"Art of War":41,"InkBottle":36,"Ring of the Snake":0,"Meat on the Bone":13}],"InkBottle":[6],"Ring of the Snake":[20],"Meat on the Bone":36},"card_choices":[{"not_picked":["Outmaneuver","Backstab"],"picked":"Dagger Throw","floor":1},{"not_picked":["Infinite Blades","PiercingWail"],"picked":"Well Laid Plans","floor":6},{"not_picked":["Backflip","Dagger Throw"],"picked":"Blade Dance","floor":8},{"not_picked":["Leg Sweep","Wraith Form v2","Blur"],"picked":"SKIP","floor":11},{"not_picked":["Acrobatics","Blade Dance"],"picked":"Bouncing Flask","floor":13},{"not_picked":["Tools of the Trade","Burst"],"picked":"Adrenaline","floor":16},{"not_picked":["Deflect","Slice"],"picked":"PiercingWail","floor":18},{"not_picked":["Deadly Poison","Quick Slash"],"picked":"Slice+1","floor":21},{"not_picked":["Prepared","Poisoned Stab"],"picked":"Backflip+1","floor":23}],"player_experience":777232,"relics_obtained":[{"floor":8,"key":"Oddly Smooth Stone"},{"floor":9,"key":"Tiny Chest"},{"floor":11,"key":"Meat on the Bone"},{"floor":22,"key":"InkBottle"},{"floor":23,"key":"Art of War"}],"event_choices":[{"damage_healed":0,"gold_gain":0,"player_choice":"Ignored","damage_taken":0,"max_hp_gain":0,"max_hp_loss":0,"event_name":"Liars Game","floor":2,"gold_loss":0},{"cards_removed":["Strike_G"],"damage_healed":0,"gold_gain":0,"player_choice":"Forget","damage_taken":0,"max_hp_gain":0,"max_hp_loss":0,"event_name":"Living Wall","floor":4,"gold_loss":0},{"damage_healed":0,"gold_gain":0,"player_choice":"Leave","damage_taken":0,"max_hp_gain":0,"max_hp_loss":0,"event_name":"The Cleric","floor":5,"gold_loss":0},{"damage_healed":0,"gold_gain":0,"player_choice":"Entered Light","damage_taken":20,"max_hp_gain":0,"max_hp_loss":0,"event_name":"Shining Light","floor":7,"gold_loss":0,"cards_upgraded":["Defend_G","Defend_G"]},{"damage_healed":0,"gold_gain":0,"player_choice":"Donut","damage_taken":0,"max_hp_gain":5,"max_hp_loss":0,"event_name":"Big Fish","floor":14,"gold_loss":0},{"damage_healed":0,"gold_gain":0,"player_choice":"Trade","damage_taken":0,"relics_obtained":["SsserpentHead"],"max_hp_gain":0,"max_hp_loss":0,"event_name":"FaceTrader","floor":19,"gold_loss":0}],"is_beta":false,"boss_relics":[{"not_picked":["Philosopher\u0027s Stone","Sozu"],"picked":"Coffee Dripper"}],"items_purged_floors":[3,20],"is_endless":false,"potions_floor_spawned":[8,11,13,23],"killed_by":"Slavers","ascension_level":20}