{"gold_per_floor":[56,114,152,190,57,57,94,145,169,169],"floor_reached":10,"playtime":467,"items_purged":["Strike_G"],"score":140,"play_id":"26a3a0f3-348a-4035-b2d9-7b9dc1b9f1f0","local_time":"20240807020829","is_ascension_mode":true,"campfire_choices":[{"data":"HandOfGreed","floor":6.0,"key":"SMITH"}],"neow_cost":"NO_GOLD","seed_source_timestamp":48620931558400,"circlet_count":0,"master_deck":["AscendersBane","Strike_G","Strike_G","Strike_G","Strike_G","Defend_G","Defend_G","Defend_G","Defend_G","Defend_G","Survivor","Neutralize","HandOfGreed+1","Eviscerate","Caltrops","Dagger Throw","Deflect"],"special_seed":0,"relics":["Ring of the Snake","Bag of Preparation","Happy Flower"],"potions_floor_usage":[10],"damage_taken":[{"damage":2.0,"enemies":"Small Slimes","floor":1.0,"turns":5.0},{"damage":0.0,"enemies":"2 Louse","floor":2.0,"turns":5.0},{"damage":0.0,"enemies":"Cultist","floor":3.0,"turns":3.0},{"damage":0.0,"enemies":"Looter","floor":4.0,"turns":3.0},{"damage":9.0,"enemies":"Exordium Thugs","floor":7.0,"turns":7.0},{"damage":29.0,"enemies":"3 Sentries","floor":8.0,"turns":10.0},{"damage":6,"enemies":"Gremlin Nob","floor":10,"turns":3}],"seed_played":"-3926250648305172795","potions_obtained":[{"floor":1.0,"key":"DuplicationPotion"},{"floor":3.0,"key":"SkillPotion"},{"floor":4.0,"key":"Strength Potion"}],"is_trial":false,"path_per_floor":["M","M","M","M","$","R","M","E","T","E"],"character_chosen":"THE_SILENT","basemod:card_modifiers":[null,null,null,null,null,null,null,null,null,null,null,null,null,null,null,null,null],"items_purchased":["Dagger Throw"],"campfire_rested":0,"item_purchase_floors":[5],"current_hp_per_floor":[57,57,57,57,57,57,48,19,19,13],"gold":169,"neow_bonus":"RANDOM_COLORLESS_2","is_prod":false,"is_daily":false,"chose_seed":false,"campfire_upgraded":1,"win_rate":0,"timestamp":1722964109,"path_taken":["M","M","M","M","$","R","M","E","T","E"],"build_version":"2022-12-18","purchased_purges":1,"victory":false,"max_hp_per_floor":[66,66,66,66,66,66,66,66,66,66],"relic_stats":{"Happy Flower":[1],"counters":[7,36],"Bag of Preparation":[2],"obtain_stats":[{"Happy Flower":9,"Bag of Preparation":8,"Ring of the Snake":0},{"Happy Flower":6,"Bag of Preparation":6,"Ring of the Snake":0},{"Happy Flower":33,"Bag of Preparation":33,"Ring of the Snake":0}],"Ring of the Snake":[14]},"card_choices":[{"not_picked":["Mayhem","Transmutation"],"picked":"HandOfGreed","floor":0.0},{"not_picked":["Sucker Punch","Predator"],"picked":"Eviscerate","floor":1.0},{"not_picked":["Deflect","Bane"],"picked":"Caltrops","floor":2.0},{"not_picked":["Slice","Dodge and Roll","Expertise"],"picked":"SKIP","floor":3.0},{"not_picked":["Riddle With Holes","Sucker Punch","Quick Slash"],"picked":"SKIP","floor":4.0},{"not_picked":["Bouncing Flask","Blade Dance","Bane"],"picked":"SKIP","floor":7.0},{"not_picked":["PiercingWail","All Out Attack"],"picked":"Deflect","floor":8.0}],"player_experience":782648,"relics_obtained":[{"floor":8.0,"key":"Bag of Preparation"},{"floor":9.0,"key":"Happy Flower"}],"event_choices":[],"is_beta":false,"boss_relics":[],"items_purged_floors":[5],"is_endless":false,"potions_floor_spawned":[1,3,4],"killed_by":"Gremlin Nob","ascension_level":20}