{"gold_per_floor":[109,109,34,34,44,78,38,64,64,89,103,103,117,132,132,211,211,225,236,254,273,273],"floor_reached":22,"playtime":615,"items_purged":[],"score":466,"play_id":"cfb74e91-1f09-4113-82d8-baf1ec8dc668","local_time":"20240807000418","is_ascension_mode":true,"campfire_choices":[{"floor":12.0,"key":"REST"},{"data":"Predator","floor":15.0,"key":"SMITH"}],"neow_cost":"NONE","seed_source_timestamp":41022064245900,"circlet_count":0,"master_deck":["AscendersBane","Strike_G","Strike_G","Strike_G","Defend_G","Defend_G","Defend_G","Defend_G","Survivor","Neutralize","Predator+1","Underhanded Strike","Dagger Throw","Acrobatics","Venomology","Deflect","Reflex+1","Backstab"],"special_seed":0,"relics":["Ring of the Snake","NeowsBlessing","InkBottle","Letter Opener","Centennial Puzzle","Eternal Feather","Runic Pyramid"],"potions_floor_usage":[16,16,19,20],"damage_taken":[{"damage":0.0,"enemies":"Cultist","floor":1.0,"turns":1.0},{"damage":0.0,"enemies":"2 Louse","floor":5.0,"turns":1.0},{"damage":0.0,"enemies":"3 Sentries","floor":6.0,"turns":1.0},{"damage":17.0,"enemies":"Lagavulin","floor":8.0,"turns":6.0},{"damage":25.0,"enemies":"3 Sentries","floor":10.0,"turns":11.0},{"damage":0.0,"enemies":"Small Slimes","floor":11.0,"turns":3.0},{"damage":5.0,"enemies":"Gremlin Gang","floor":13.0,"turns":4.0},{"damage":7.0,"enemies":"Lots of Slimes","floor":14.0,"turns":4.0},{"damage":21,"enemies":"Slime Boss","floor":16,"turns":7},{"damage":10,"enemies":"Chosen","floor":18,"turns":5},{"damage":1,"enemies":"3 Byrds","floor":19,"turns":5},{"damage":10,"enemies":"Centurion and Healer","floor":20,"turns":9},{"damage":29,"enemies":"Snake Plant","floor":21,"turns":6},{"damage":0,"enemies":"3 Cultists","floor":22,"turns":1}],"seed_played":"6399861860942199806","potions_obtained":[{"floor":1.0,"key":"EntropicBrew"},{"floor":7.0,"key":"CultistPotion"},{"floor":8.0,"key":"EssenceOfSteel"},{"floor":10.0,"key":"Explosive Potion"},{"floor":18,"key":"Ancient Potion"}],"is_trial":false,"path_per_floor":["M","?","?","?","M","E","?","E","T","E","M","R","M","M","R","B",null,"M","M","M","M","M"],"character_chosen":"THE_SILENT","basemod:card_modifiers":[null,null,null,null,null,null,null,null,null,null,null,null,null,null,null,null,null,null],"items_purchased":[],"campfire_rested":1,"item_purchase_floors":[],"current_hp_per_floor":[59,52,52,52,52,52,52,35,35,10,10,35,30,23,29,8,52,42,41,31,2,2],"gold":273,"neow_bonus":"THREE_ENEMY_KILL","is_prod":false,"is_daily":false,"chose_seed":false,"campfire_upgraded":1,"win_rate":0,"timestamp":1722956658,"path_taken":["M","?","?","?","M","E","?","E","T","E","M","R","?","M","R","BOSS","M","M","?","M","M"],"build_version":"2022-12-18","purchased_purges":0,"victory":false,"max_hp_per_floor":[66,66,66,66,66,66,66,66,66,66,66,66,66,66,66,66,66,66,66,66,66,66],"relic_stats":{"Centennial Puzzle":[24],"counters":[14,64],"Eternal Feather":12,"Letter Opener":[65],"obtain_stats":[{"Centennial Puzzle":9,"NeowsBlessing":0,"Eternal Feather":10,"Letter Opener":8,"InkBottle":6,"Ring of the Snake":0,"Runic Pyramid":17},{"Centennial Puzzle":4,"NeowsBlessing":0,"Eternal Feather":5,"Letter Opener":4,"InkBottle":3,"Ring of the Snake":0,"Runic Pyramid":9},{"Centennial Puzzle":9,"NeowsBlessing":0,"Eternal Feather":20,"Letter Opener":9,"InkBottle":3,"Ring of the Snake":0,"Runic Pyramid":38}],"InkBottle":[18],"Ring of the Snake":[28]},"card_choices":[{"not_picked":["Crippling Poison","Flying Knee"],"picked":"Predator","floor":1.0},{"not_picked":["Bane","Sucker Punch"],"picked":"Underhanded Strike","floor":5.0},{"not_picked":["Masterful Stab","Finisher","Backflip"],"picked":"SKIP","floor":6.0},{"not_picked":["Poisoned Stab","Bane","Sucker Punch"],"picked":"SKIP","floor":8.0},{"not_picked":["Predator","Dash"],"picked":"Dagger Throw","floor":10.0},{"not_picked":["Tools of the Trade","Dodge and Roll","Endless Agony"],"picked":"SKIP","floor":11.0},{"not_picked":["Quick Slash","Poisoned Stab"],"picked":"Acrobatics","floor":13.0},{"not_picked":["Outmaneuver","All Out Attack","Setup"],"picked":"SKIP","floor":14.0},{"not_picked":["After Image","Doppelganger"],"picked":"Venomology","floor":16},{"not_picked":["Bane","Riddle With Holes"],"picked":"Deflect","floor":18},{"not_picked":["Slice","Flying Knee"],"picked":"Reflex+1","floor":19},{"not_picked":["Sucker Punch","Bane+1","Blade Dance"],"picked":"SKIP","floor":20},{"not_picked":["Blur","Skewer"],"picked":"Backstab","floor":21}],"player_experience":775915,"relics_obtained":[{"floor":6.0,"key":"InkBottle"},{"floor":8.0,"key":"Letter Opener"},{"floor":9.0,"key":"Centennial Puzzle"},{"floor":10.0,"key":"Eternal Feather"}],"event_choices":[{"cards_removed":["Defend_G"],"damage_healed":0.0,"max_hp_gain":0.0,"max_hp_loss":0.0,"gold_gain":0.0,"event_name":"Golden Wing","player_choice":"Card Removal","floor":2.0,"gold_loss":0.0,"damage_taken":7.0},{"cards_removed":["Strike_G"],"damage_healed":0.0,"max_hp_gain":0.0,"max_hp_loss":0.0,"gold_gain":0.0,"event_name":"The Cleric","player_choice":"Card Removal","floor":3.0,"gold_loss":75.0,"damage_taken":0.0},{"cards_removed":["Strike_G"],"damage_healed":0.0,"max_hp_gain":0.0,"max_hp_loss":0.0,"gold_gain":0.0,"event_name":"Living Wall","player_choice":"Forget","floor":4.0,"gold_loss":0.0,"damage_taken":0.0},{"damage_healed":0.0,"max_hp_gain":0.0,"max_hp_loss":0.0,"gold_gain":0.0,"event_name":"The Woman in Blue","player_choice":"Bought 3 Potions","floor":7.0,"gold_loss":0.0,"damage_taken":0.0}],"is_beta":false,"boss_relics":[{"not_picked":["Sozu","SlaversCollar"],"picked":"Runic Pyramid"}],"items_purged_floors":[],"is_endless":false,"potions_floor_spawned":[1,8,10,18,20],"killed_by":"3 Cultists","ascension_level":20}