{"gold_per_floor":[117,42,52,69,82,82,96,128,151,170,170,189,216,216,216,216],"floor_reached":16,"playtime":320,"items_purged":["Defend_G"],"score":228,"play_id":"f8319cbf-0802-4fd1-9783-d88816ddb981","local_time":"20240807001258","is_ascension_mode":true,"campfire_choices":[{"data":"Dagger Spray","floor":6,"key":"SMITH"},{"floor":11,"key":"REST"},{"floor":15,"key":"REST"}],"neow_cost":"NONE","seed_source_timestamp":41896017711300,"circlet_count":0,"master_deck":["AscendersBane","Strike_G","Strike_G+1","Strike_G","Strike_G","Defend_G","Defend_G","Defend_G","Defend_G","Survivor","Neutralize","Dagger Spray+1","Unload","Backstab+1","Escape Plan"],"special_seed":0,"relics":["Ring of the Snake","NeowsBlessing","Ancient Tea Set","Lantern","Whetstone"],"potions_floor_usage":[5,8,16,16],"damage_taken":[{"damage":0.0,"enemies":"Cultist","floor":1.0,"turns":1.0},{"damage":0,"enemies":"Small Slimes","floor":3,"turns":1},{"damage":0,"enemies":"2 Louse","floor":4,"turns":1},{"damage":0,"enemies":"Gremlin Gang","floor":5,"turns":3},{"damage":16,"enemies":"Large Slime","floor":7,"turns":6},{"damage":17,"enemies":"3 Sentries","floor":8,"turns":5},{"damage":0,"enemies":"Lots of Slimes","floor":10,"turns":1},{"damage":0,"enemies":"3 Louse","floor":12,"turns":3},{"damage":26,"enemies":"Gremlin Nob","floor":13,"turns":4},{"damage":29,"enemies":"Slime Boss","floor":16,"turns":8}],"seed_played":"1009582100884432799","potions_obtained":[{"floor":3,"key":"DistilledChaos"},{"floor":4,"key":"CultistPotion"},{"floor":7,"key":"GhostInAJar"},{"floor":13,"key":"Regen Potion"}],"is_trial":false,"path_per_floor":["M","$","M","M","M","R","M","E","T","M","R","M","E","?","R","B"],"character_chosen":"THE_SILENT","basemod:card_modifiers":[null,null,null,null,null,null,null,null,null,null,null,null,null,null,null],"items_purchased":[],"campfire_rested":2,"item_purchase_floors":[],"current_hp_per_floor":[59,59,59,59,59,59,43,26,26,26,45,45,19,12,31,17],"gold":216,"neow_bonus":"THREE_ENEMY_KILL","is_prod":false,"is_daily":false,"chose_seed":false,"campfire_upgraded":1,"win_rate":0,"timestamp":1722957178,"path_taken":["M","$","?","M","?","R","M","E","T","M","R","M","E","?","R","BOSS"],"build_version":"2022-12-18","purchased_purges":1,"victory":false,"max_hp_per_floor":[66,66,66,66,66,66,66,66,66,66,66,66,66,66,66,66],"relic_stats":{"counters":[10,33],"Whetstone":["Strike_G","Backstab"],"Ancient Tea Set":[4],"obtain_stats":[{"Lantern":9,"NeowsBlessing":0,"Whetstone":13,"Ancient Tea Set":8,"Ring of the Snake":0},{"Lantern":6,"NeowsBlessing":0,"Whetstone":9,"Ancient Tea Set":6,"Ring of the Snake":0},{"Lantern":17,"NeowsBlessing":0,"Whetstone":25,"Ancient Tea Set":17,"Ring of the Snake":0}],"Ring of the Snake":[20]},"card_choices":[{"not_picked":["Bane","Slice"],"picked":"Dagger Spray","floor":1},{"not_picked":["Slice","Dodge and Roll","Acrobatics"],"picked":"SKIP","floor":3},{"not_picked":["Bane","Acrobatics","Leg Sweep"],"picked":"SKIP","floor":4},{"not_picked":["Setup","Deflect","Dodge and Roll"],"picked":"SKIP","floor":5},{"not_picked":["Acrobatics","Bane","Sucker Punch"],"picked":"SKIP","floor":7},{"not_picked":["Acrobatics","Blur"],"picked":"Unload","floor":8},{"not_picked":["PiercingWail","Quick Slash","Cloak And Dagger"],"picked":"SKIP","floor":10},{"not_picked":["Backflip","Poisoned Stab"],"picked":"Backstab","floor":12},{"not_picked":["Outmaneuver","Endless Agony"],"picked":"Escape Plan","floor":13}],"player_experience":776711,"relics_obtained":[{"floor":8,"key":"Ancient Tea Set"},{"floor":9,"key":"Lantern"},{"floor":13,"key":"Whetstone"}],"event_choices":[{"cards_removed":["Strike_G"],"damage_healed":0,"gold_gain":0,"player_choice":"Card Removal","damage_taken":7,"max_hp_gain":0,"max_hp_loss":0,"event_name":"Golden Wing","floor":14,"gold_loss":0}],"is_beta":false,"boss_relics":[],"items_purged_floors":[2],"is_endless":false,"potions_floor_spawned":[3,4,7,13],"killed_by":"Slime Boss","ascension_level":20}