{"gold_per_floor":[114,114,39,39,51,80,80,110,137,137],"floor_reached":10,"playtime":139,"items_purged":["Strike_G"],"score":198,"play_id":"477dd733-94c7-43c6-8b40-4058a9df5642","local_time":"20240806230759","is_ascension_mode":true,"campfire_choices":[{"data":"Dash","floor":7,"key":"SMITH"}],"neow_cost":"NONE","seed_source_timestamp":38183731252400,"circlet_count":0,"master_deck":["AscendersBane","Strike_G","Strike_G","Strike_G","Defend_G","Defend_G","Defend_G","Defend_G","Defend_G","Survivor","Neutralize","Dash+1","Decay","Masterful Stab"],"relics":["Ring of the Snake","NeowsBlessing","Oddly Smooth Stone","Singing Bowl","Centennial Puzzle"],"potions_floor_usage":[],"damage_taken":[{"damage":0,"enemies":"Jaw Worm","floor":1,"turns":1},{"damage":0,"enemies":"Cultist","floor":5,"turns":1},{"damage":0,"enemies":"Gremlin Nob","floor":6,"turns":1},{"damage":33,"enemies":"3 Sentries","floor":8,"turns":12},{"damage":2,"enemies":"Gremlin Nob","floor":10,"turns":3}],"seed_played":"-3746091559218511033","potions_obtained":[{"floor":5,"key":"Dexterity Potion"},{"floor":6,"key":"Ancient Potion"},{"floor":8,"key":"Explosive Potion"}],"is_trial":false,"path_per_floor":["M","?","$","?","M","E","R","E","T","E"],"character_chosen":"THE_SILENT","basemod:card_modifiers":[null,null,null,null,null,null,null,null,null,null,null,null,null,null],"items_purchased":[],"campfire_rested":0,"item_purchase_floors":[],"current_hp_per_floor":[59,52,52,52,52,52,52,21,21,19],"gold":137,"neow_bonus":"THREE_ENEMY_KILL","is_prod":false,"is_daily":false,"chose_seed":false,"campfire_upgraded":1,"win_rate":0,"timestamp":1722953279,"path_taken":["M","?","$","?","M","E","R","E","T","E"],"build_version":"2022-12-18","purchased_purges":1,"victory":false,"max_hp_per_floor":[66,66,66,66,66,66,66,68,68,68],"relic_stats":{"Centennial Puzzle":[3],"Singing Bowl":2,"counters":[5,18],"obtain_stats":[{"Centennial Puzzle":9,"NeowsBlessing":0,"Singing Bowl":8,"Oddly Smooth Stone":6,"Ring of the Snake":0},{"Centennial Puzzle":4,"NeowsBlessing":0,"Singing Bowl":4,"Oddly Smooth Stone":3,"Ring of the Snake":0},{"Centennial Puzzle":15,"NeowsBlessing":0,"Singing Bowl":15,"Oddly Smooth Stone":3,"Ring of the Snake":0}],"Ring of the Snake":[10]},"card_choices":[{"not_picked":["Deflect","Underhanded Strike"],"picked":"Dash","floor":1},{"not_picked":["Deadly Poison","Outmaneuver"],"picked":"Masterful Stab","floor":5},{"not_picked":["Malaise","Masterful Stab","Distraction"],"picked":"SKIP","floor":6},{"not_picked":["Dagger Spray","Bane","Catalyst"],"picked":"Singing Bowl","floor":8}],"player_experience":773582,"relics_obtained":[{"floor":6,"key":"Oddly Smooth Stone"},{"floor":8,"key":"Singing Bowl"},{"floor":9,"key":"Centennial Puzzle"}],"event_choices":[{"cards_removed":["Strike_G"],"damage_healed":0,"gold_gain":0,"player_choice":"Card Removal","damage_taken":7,"max_hp_gain":0,"max_hp_loss":0,"event_name":"Golden Wing","floor":2,"gold_loss":0},{"damage_healed":0,"gold_gain":0,"player_choice":"Cursed","damage_taken":0,"max_hp_gain":0,"max_hp_loss":0,"event_name":"Wheel of Change","floor":4,"gold_loss":0,"cards_obtained":["Decay"]}],"is_beta":false,"boss_relics":[],"items_purged_floors":[3],"is_endless":false,"potions_floor_spawned":[5,6,8],"killed_by":"Gremlin Nob","ascension_level":20}