{"gold_per_floor":[118,130,144,69,87,104,104,104,104,135,148,148,48,76,76,150,150,167,180,198,213,263,263],"floor_reached":23,"playtime":648,"items_purged":["Defend_G","Strike_G"],"score":460,"play_id":"2dc97aac-f07e-4705-a525-fa865a30f368","local_time":"20240807025954","is_ascension_mode":true,"campfire_choices":[{"data":"Blade Dance","floor":12.0,"key":"SMITH"},{"floor":15.0,"key":"REST"}],"neow_cost":"CURSE","seed_source_timestamp":51529161118700,"circlet_count":0,"master_deck":["AscendersBane","Strike_G","Defend_G","Defend_G","Defend_G","Survivor","Neutralize","Clumsy","Deadly Poison","Prepared","Dagger Spray","Finisher","Calculated Gamble","Blade Dance+1","PiercingWail","Venomology","After Image","Concentrate","Backstab"],"special_seed":0,"relics":["Ring of the Snake","Akabeko","Juzu Bracelet","Letter Opener","Runic Pyramid"],"potions_floor_usage":[23,23],"damage_taken":[{"damage":3.0,"enemies":"Jaw Worm","floor":1.0,"turns":5.0},{"damage":3.0,"enemies":"Small Slimes","floor":2.0,"turns":4.0},{"damage":1.0,"enemies":"Cultist","floor":3.0,"turns":4.0},{"damage":8.0,"enemies":"Blue Slaver","floor":5.0,"turns":3.0},{"damage":1.0,"enemies":"2 Fungi Beasts","floor":6.0,"turns":4.0},{"damage":0.0,"enemies":"Gremlin Nob","floor":10.0,"turns":2.0},{"damage":0.0,"enemies":"Exordium Wildlife","floor":11.0,"turns":1.0},{"damage":7.0,"enemies":"Lagavulin","floor":14.0,"turns":5.0},{"damage":6.0,"enemies":"Slime Boss","floor":16.0,"turns":3.0},{"damage":3.0,"enemies":"Shell Parasite","floor":18.0,"turns":4.0},{"damage":8.0,"enemies":"Spheric Guardian","floor":19.0,"turns":5.0},{"damage":4.0,"enemies":"Centurion and Healer","floor":20.0,"turns":7.0},{"damage":13.0,"enemies":"Snake Plant","floor":21.0,"turns":3.0},{"damage":9,"enemies":"Book of Stabbing","floor":23,"turns":4}],"seed_played":"5891139033494812100","potions_obtained":[{"floor":3.0,"key":"PowerPotion"},{"floor":5.0,"key":"LiquidMemories"},{"floor":11.0,"key":"GamblersBrew"},{"floor":14.0,"key":"SteroidPotion"},{"floor":21.0,"key":"Fruit Juice"}],"is_trial":false,"path_per_floor":["M","M","M","$","M","M","?","?","T","E","M","R","$","E","R","B",null,"M","M","M","M","?","E"],"character_chosen":"THE_SILENT","basemod:card_modifiers":[null,null,null,null,null,null,null,null,null,null,null,null,null,null,null,null,null,null,null],"items_purchased":[],"campfire_rested":1,"item_purchase_floors":[],"current_hp_per_floor":[56,53,52,52,44,43,36,36,36,36,36,36,36,29,48,42,60,57,49,45,32,32,28],"gold":263,"neow_bonus":"TRANSFORM_TWO_CARDS","is_prod":false,"is_daily":false,"chose_seed":false,"campfire_upgraded":1,"win_rate":0,"timestamp":1722967194,"path_taken":["M","M","M","$","M","M","?","?","T","E","M","R","$","E","R","BOSS","M","M","M","M","?","E"],"build_version":"2022-12-18","purchased_purges":2,"victory":false,"max_hp_per_floor":[66,66,66,66,66,66,66,66,66,66,66,66,66,66,66,66,66,66,66,66,66,66,71],"relic_stats":{"counters":[14,54],"Juzu Bracelet":0,"Letter Opener":[60],"obtain_stats":[{"Juzu Bracelet":10,"Letter Opener":14,"Akabeko":9,"Ring of the Snake":0,"Runic Pyramid":17},{"Juzu Bracelet":6,"Letter Opener":8,"Akabeko":5,"Ring of the Snake":0,"Runic Pyramid":9},{"Juzu Bracelet":22,"Letter Opener":28,"Akabeko":20,"Ring of the Snake":0,"Runic Pyramid":31}],"Ring of the Snake":[28]},"card_choices":[{"not_picked":["Footwork","Riddle With Holes"],"picked":"Dagger Spray","floor":1.0},{"not_picked":["Deadly Poison","Dagger Spray"],"picked":"Finisher","floor":2.0},{"not_picked":["Deadly Poison","Backflip","Riddle With Holes"],"picked":"SKIP","floor":3.0},{"not_picked":["Bouncing Flask","Terror"],"picked":"Calculated Gamble","floor":5.0},{"not_picked":["Dodge and Roll","Escape Plan"],"picked":"Blade Dance","floor":6.0},{"not_picked":["Riddle With Holes","Backflip"],"picked":"PiercingWail","floor":10.0},{"not_picked":["PiercingWail","Blur"],"picked":"Venomology","floor":11.0},{"not_picked":["Sucker Punch","Riddle With Holes","Deflect"],"picked":"SKIP","floor":14.0},{"not_picked":["Die Die Die","Envenom"],"picked":"After Image","floor":16.0},{"not_picked":["Eviscerate","Cloak And Dagger","Expertise"],"picked":"SKIP","floor":18.0},{"not_picked":["Quick Slash","Infinite Blades","Blur"],"picked":"SKIP","floor":19.0},{"not_picked":["Dagger Spray+1","Deflect"],"picked":"Concentrate","floor":20.0},{"not_picked":["Underhanded Strike","Prepared+1"],"picked":"Backstab","floor":21.0}],"player_experience":784849,"relics_obtained":[{"floor":9.0,"key":"Akabeko"},{"floor":10.0,"key":"Juzu Bracelet"},{"floor":14.0,"key":"Letter Opener"}],"event_choices":[{"cards_removed":["Strike_G"],"damage_healed":0.0,"max_hp_gain":0.0,"max_hp_loss":0.0,"gold_gain":0.0,"event_name":"Golden Wing","player_choice":"Card Removal","floor":7.0,"gold_loss":0.0,"damage_taken":7.0},{"cards_removed":["Strike_G"],"damage_healed":0.0,"max_hp_gain":0.0,"max_hp_loss":0.0,"gold_gain":0.0,"event_name":"Living Wall","player_choice":"Forget","floor":8.0,"gold_loss":0.0,"damage_taken":0.0},{"damage_healed":0.0,"max_hp_gain":0.0,"max_hp_loss":0.0,"gold_gain":50.0,"event_name":"Nest","player_choice":"Stole From Cult","floor":22.0,"gold_loss":0.0,"damage_taken":0.0}],"is_beta":false,"boss_relics":[{"not_picked":["Runic Dome","Sozu"],"picked":"Runic Pyramid"}],"items_purged_floors":[4,13],"is_endless":false,"potions_floor_spawned":[3,5,11,14,18,21],"killed_by":"Book of Stabbing","ascension_level":20}