{"gold_per_floor":[369,386,399,53,72,82,109,109,136,11,22,54,54,106,115,217,217,249,274,274],"floor_reached":20,"playtime":495,"items_purged":["Strike_G"],"score":392,"play_id":"54481381-ba7d-4a50-ad31-90cb89bfa76c","local_time":"20240807030851","is_ascension_mode":true,"campfire_choices":[{"data":"Apotheosis","floor":8,"key":"SMITH"},{"floor":15,"key":"REST"}],"neow_cost":"PERCENT_DAMAGE","seed_source_timestamp":52245304582400,"circlet_count":0,"master_deck":["AscendersBane","Strike_G","Strike_G","Strike_G","Strike_G","Defend_G","Defend_G","Defend_G","Defend_G","Defend_G","Survivor","Neutralize","Bouncing Flask","Eviscerate","Apotheosis+1","Calculated Gamble","Reflex","Blade Dance","Escape Plan","Reflex","After Image","Backflip"],"special_seed":0,"relics":["Ring of the Snake","Dream Catcher","Tiny Chest","PreservedInsect","Golden Idol","CeramicFish","HoveringKite"],"potions_floor_usage":[7,12,14,16,19],"damage_taken":[{"damage":1.0,"enemies":"Cultist","floor":1.0,"turns":4.0},{"damage":1.0,"enemies":"2 Louse","floor":2.0,"turns":3.0},{"damage":1.0,"enemies":"Small Slimes","floor":3.0,"turns":4.0},{"damage":0.0,"enemies":"2 Fungi Beasts","floor":5.0,"turns":5.0},{"damage":2.0,"enemies":"Blue Slaver","floor":6.0,"turns":4.0},{"damage":6,"enemies":"Gremlin Nob","floor":7,"turns":3},{"damage":0,"enemies":"3 Louse","floor":11,"turns":3},{"damage":20,"enemies":"Lagavulin","floor":12,"turns":10},{"damage":12,"enemies":"3 Sentries","floor":14,"turns":7},{"damage":23,"enemies":"Hexaghost","floor":16,"turns":10},{"damage":23,"enemies":"Spheric Guardian","floor":18,"turns":8},{"damage":20,"enemies":"Chosen","floor":19,"turns":7},{"damage":25,"enemies":"Snecko","floor":20,"turns":4}],"seed_played":"-2613883903362721883","potions_obtained":[{"floor":3.0,"key":"CultistPotion"},{"floor":12,"key":"EssenceOfSteel"},{"floor":16,"key":"Regen Potion"}],"is_trial":false,"path_per_floor":["M","M","M","$","M","M","E","R","T","$","M","E","?","E","R","B",null,"M","M","M"],"character_chosen":"THE_SILENT","basemod:card_modifiers":[null,null,null,null,null,null,null,null,null,null,null,null,null,null,null,null,null,null,null,null,null,null],"items_purchased":["Apotheosis","DistilledChaos","Reflex","Regen Potion"],"campfire_rested":1,"item_purchase_floors":[4,4,10,10],"current_hp_per_floor":[43,42,41,41,41,39,33,33,33,33,33,28,28,16,34,11,48,25,20,0],"gold":274,"neow_bonus":"TWO_FIFTY_GOLD","is_prod":false,"is_daily":false,"chose_seed":false,"campfire_upgraded":1,"win_rate":0,"timestamp":1722967731,"path_taken":["M","M","M","$","M","M","E","R","T","$","M","E","?","E","R","BOSS","M","M","M"],"build_version":"2022-12-18","purchased_purges":1,"victory":false,"max_hp_per_floor":[66,66,66,66,66,66,66,66,66,66,66,66,60,60,60,60,60,60,60,60],"relic_stats":{"Dream Catcher":1,"counters":[13,72],"Golden Idol":38,"CeramicFish":36,"HoveringKite":[7],"Tiny Chest":0,"PreservedInsect":34,"obtain_stats":[{"Dream Catcher":7,"Golden Idol":13,"CeramicFish":14,"HoveringKite":17,"Tiny Chest":9,"PreservedInsect":12,"Ring of the Snake":0},{"Dream Catcher":6,"Golden Idol":8,"CeramicFish":9,"HoveringKite":10,"Tiny Chest":6,"PreservedInsect":8,"Ring of the Snake":0},{"Dream Catcher":23,"Golden Idol":36,"CeramicFish":43,"HoveringKite":53,"Tiny Chest":23,"PreservedInsect":36,"Ring of the Snake":0}],"Ring of the Snake":[26]},"card_choices":[{"not_picked":["Prepared","Endless Agony"],"picked":"Bouncing Flask","floor":1.0},{"not_picked":["Footwork","Distraction"],"picked":"Eviscerate","floor":2.0},{"not_picked":["Outmaneuver","Bane","Flying Knee"],"picked":"SKIP","floor":3.0},{"not_picked":["Poisoned Stab","Dagger Throw"],"picked":"Calculated Gamble","floor":5.0},{"not_picked":["Dodge and Roll","Bane","PiercingWail"],"picked":"SKIP","floor":6.0},{"not_picked":["Burst","Infinite Blades","Bane"],"picked":"SKIP","floor":7},{"not_picked":["Dagger Spray","Poisoned Stab","PiercingWail"],"picked":"SKIP","floor":11},{"not_picked":["Predator","Deflect"],"picked":"Blade Dance","floor":12},{"not_picked":["Setup","Cloak And Dagger"],"picked":"Escape Plan","floor":14},{"not_picked":["Deflect","Bane"],"picked":"Reflex","floor":15},{"not_picked":["Tools of the Trade","Venomology"],"picked":"After Image","floor":16},{"not_picked":["Blade Dance","Backstab"],"picked":"Backflip","floor":18},{"not_picked":["PiercingWail","Sucker Punch+1","Dagger Throw"],"picked":"SKIP","floor":19}],"player_experience":785497,"relics_obtained":[{"floor":7,"key":"Dream Catcher"},{"floor":9,"key":"Tiny Chest"},{"floor":12,"key":"PreservedInsect"},{"floor":14,"key":"CeramicFish"}],"event_choices":[{"damage_healed":0,"gold_gain":0,"player_choice":"Lose Max HP","damage_taken":0,"relics_obtained":["Golden Idol"],"max_hp_gain":0,"max_hp_loss":6,"event_name":"Golden Idol","floor":13,"gold_loss":0}],"is_beta":false,"boss_relics":[{"not_picked":["Sozu","Runic Dome"],"picked":"HoveringKite"}],"items_purged_floors":[4],"is_endless":false,"potions_floor_spawned":[3,6,12,16],"killed_by":"Snecko","ascension_level":20}