{"gold_per_floor":[118,43,55,69,81,81,3,3,78,93,119,119,139,139,139,213,213,226,243,260,277,297,297,323,323,378,378,404,36,36,47,47,119,119,137,148,148,23,40,75,100,100,175,193,193,193],"floor_reached":46,"playtime":1629,"items_purged":["Defend_G","Strike_G","Riddle With Holes"],"score":1034,"play_id":"24e41331-0369-4aad-9459-b69068d390ee","local_time":"20240807005926","is_ascension_mode":true,"campfire_choices":[{"data":"Dagger Spray","floor":6.0,"key":"SMITH"},{"data":"Neutralize","floor":8.0,"key":"SMITH"},{"data":"Skewer","floor":12.0,"key":"SMITH"},{"data":"Well Laid Plans","floor":15.0,"key":"SMITH"},{"floor":23.0,"key":"REST"},{"floor":25.0,"key":"REST"},{"floor":27.0,"key":"REST"},{"floor":32,"key":"REST"},{"floor":42,"key":"REST"}],"neow_cost":"NONE","seed_source_timestamp":43314409164300,"circlet_count":0,"master_deck":["AscendersBane","Survivor","Neutralize+1","Backstab","Dagger Spray+1","Heel Hook","Skewer+1","Well Laid Plans+1","Adrenaline","Dagger Throw","Heel Hook","Deflect+1","Backflip","Venomology","Grand Finale","Underhanded Strike","Terror","Catalyst","Catalyst","Flechettes","Doppelganger","Acrobatics","Reflex","Acrobatics+1","Prepared","Venomology"],"special_seed":0,"relics":["Ring of the Snake","NeowsBlessing","White Beast Statue","Bag of Marbles","SacredBark","Ornamental Fan","Omamori","Turnip","Kunai","Pandora\u0027s Box","Blood Vial","Unceasing Top"],"potions_floor_usage":[31,33,33,35,36,36,39,39,40,40,41,44,46,46,46],"damage_taken":[{"damage":0.0,"enemies":"Cultist","floor":1.0,"turns":1.0},{"damage":0.0,"enemies":"Small Slimes","floor":3.0,"turns":1.0},{"damage":0.0,"enemies":"Jaw Worm","floor":4.0,"turns":1.0},{"damage":6.0,"enemies":"Blue Slaver","floor":5.0,"turns":4.0},{"damage":4.0,"enemies":"Large Slime","floor":10.0,"turns":5.0},{"damage":12.0,"enemies":"3 Sentries","floor":11.0,"turns":9.0},{"damage":0.0,"enemies":"Looter","floor":13.0,"turns":1.0},{"damage":19.0,"enemies":"The Guardian","floor":16.0,"turns":16.0},{"damage":32.0,"enemies":"Shell Parasite","floor":18.0,"turns":11.0},{"damage":0.0,"enemies":"Chosen","floor":19.0,"turns":2.0},{"damage":0.0,"enemies":"Shelled Parasite and Fungi","floor":20.0,"turns":1.0},{"damage":1.0,"enemies":"3 Cultists","floor":21.0,"turns":4.0},{"damage":14.0,"enemies":"Sentry and Sphere","floor":22.0,"turns":4.0},{"damage":21.0,"enemies":"Book of Stabbing","floor":24.0,"turns":4.0},{"damage":32.0,"enemies":"Slavers","floor":28.0,"turns":5.0},{"damage":2,"enemies":"Shelled Parasite and Fungi","floor":31,"turns":3},{"damage":10,"enemies":"Champ","floor":33,"turns":24},{"damage":36,"enemies":"3 Shapes","floor":35,"turns":6},{"damage":0,"enemies":"3 Darklings","floor":36,"turns":2},{"damage":13,"enemies":"4 Shapes","floor":39,"turns":8},{"damage":0,"enemies":"Giant Head","floor":40,"turns":5},{"damage":0,"enemies":"Mind Bloom Boss Battle","floor":41,"turns":5},{"damage":10,"enemies":"Jaw Worm Horde","floor":44,"turns":3},{"damage":0,"enemies":"Reptomancer","floor":46,"turns":4}],"seed_played":"-1458238250835310676","potions_obtained":[{"floor":3.0,"key":"EssenceOfSteel"},{"floor":10.0,"key":"Dexterity Potion"},{"floor":11.0,"key":"ColorlessPotion"},{"floor":13.0,"key":"Weak Potion"},{"floor":16.0,"key":"CunningPotion"},{"floor":18.0,"key":"FearPotion"},{"floor":19.0,"key":"SteroidPotion"},{"floor":20.0,"key":"Explosive Potion"},{"floor":21.0,"key":"ColorlessPotion"},{"floor":22.0,"key":"Fire Potion"},{"floor":24.0,"key":"GamblersBrew"},{"floor":28.0,"key":"LiquidBronze"},{"floor":31,"key":"AttackPotion"},{"floor":33,"key":"Fire Potion"},{"floor":35,"key":"Swift Potion"},{"floor":36,"key":"Fire Potion"},{"floor":39,"key":"Poison Potion"},{"floor":40,"key":"AttackPotion"},{"floor":44,"key":"PowerPotion"}],"is_trial":false,"path_per_floor":["M","$","M","M","M","R","$","R","T","M","E","R","M","?","R","B",null,"M","M","M","M","M","R","E","R","T","R","E","$","?","M","R","B",null,"M","M","?","$","M","E","?","R","T","M","?","E"],"character_chosen":"THE_SILENT","basemod:card_modifiers":[null,null,null,null,null,null,null,null,null,null,null,null,null,null,null,null,null,null,null,null,null,null,null,null,null,null],"items_purchased":["Heel Hook","Kunai"],"campfire_rested":5,"item_purchase_floors":[7,29],"current_hp_per_floor":[59,59,59,59,53,53,53,53,53,49,37,37,37,37,37,18,54,22,22,22,21,7,26,5,24,24,43,11,11,11,9,28,18,54,18,18,18,18,5,5,7,25,25,17,17,19],"gold":193,"neow_bonus":"THREE_ENEMY_KILL","is_prod":false,"is_daily":false,"chose_seed":false,"campfire_upgraded":4,"win_rate":0,"timestamp":1722959966,"path_taken":["M","?","M","M","?","R","$","R","T","M","E","R","M","?","R","BOSS","M","M","M","M","M","R","E","R","T","R","E","$","?","M","R","BOSS","M","M","?","$","M","E","?","R","T","M","?","E"],"build_version":"2022-12-18","purchased_purges":3,"victory":false,"max_hp_per_floor":[66,66,66,66,66,66,66,66,66,66,66,66,66,66,66,66,66,66,66,66,66,66,66,66,66,66,66,66,66,66,66,66,66,66,66,66,63,63,63,63,63,63,63,63,63,63],"relic_stats":{"Blood Vial":6,"counters":[24,129],"Ornamental Fan":[156],"Pandora\u0027s Box":["Riddle With Holes","Grand Finale","Underhanded Strike","Terror","Catalyst","Catalyst","Flechettes","Doppelganger"],"Turnip":[12],"Omamori":0,"Kunai":[36],"obtain_stats":[{"Blood Vial":40,"NeowsBlessing":0,"Ornamental Fan":24,"SacredBark":17,"Pandora\u0027s Box":34,"Turnip":28,"Bag of Marbles":11,"Omamori":26,"Kunai":29,"White Beast Statue":9,"Unceasing Top":41,"Ring of the Snake":0},{"Blood Vial":21,"NeowsBlessing":0,"Ornamental Fan":14,"SacredBark":8,"Pandora\u0027s Box":17,"Turnip":15,"Bag of Marbles":6,"Omamori":14,"Kunai":15,"White Beast Statue":4,"Unceasing Top":22,"Ring of the Snake":0},{"Blood Vial":117,"NeowsBlessing":0,"Ornamental Fan":64,"SacredBark":38,"Pandora\u0027s Box":96,"Turnip":69,"Bag of Marbles":21,"Omamori":64,"Kunai":69,"White Beast Statue":7,"Unceasing Top":122,"Ring of the Snake":0}],"White Beast Statue":[0.002640000000000001,0.0,0.11179200000000004,0.0,0.45788800000000024,0.0,0.3700800000000002,0.0,0.05688000000000003,0.0,7.200000000000003E-4,8.993380864000002],"Unceasing Top":[0],"Ring of the Snake":[48]},"card_choices":[{"not_picked":["Cloak And Dagger","Outmaneuver","Sucker Punch"],"picked":"SKIP","floor":1.0},{"not_picked":["Cloak And Dagger","Deadly Poison"],"picked":"Backstab","floor":3.0},{"not_picked":["Outmaneuver","Riddle With Holes"],"picked":"Dagger Spray","floor":4.0},{"not_picked":["Outmaneuver","Burst","Acrobatics"],"picked":"SKIP","floor":5.0},{"not_picked":["Dodge and Roll","Sucker Punch","Skewer"],"picked":"SKIP","floor":10.0},{"not_picked":["Dodge and Roll","Sucker Punch"],"picked":"Skewer","floor":10.0},{"not_picked":["Poisoned Stab","Calculated Gamble"],"picked":"Well Laid Plans","floor":11.0},{"not_picked":["Slice","Dagger Throw","Outmaneuver"],"picked":"SKIP","floor":13.0},{"not_picked":["A Thousand Cuts","Venomology"],"picked":"Adrenaline","floor":16.0},{"not_picked":["Bane","Expertise"],"picked":"Dagger Throw","floor":18.0},{"not_picked":["Quick Slash","Dagger Throw"],"picked":"Heel Hook","floor":19.0},{"not_picked":["Quick Slash","Blade Dance"],"picked":"Deflect+1","floor":20.0},{"not_picked":["PiercingWail","Underhanded Strike"],"picked":"Backflip","floor":21.0},{"not_picked":["Bane","Blur","Sucker Punch"],"picked":"SKIP","floor":22.0},{"not_picked":["Corpse Explosion","Underhanded Strike","Masterful Stab"],"picked":"SKIP","floor":24.0},{"not_picked":["Dagger Spray","Dash","Predator"],"picked":"SKIP","floor":28.0},{"not_picked":["Blur","Dagger Spray","Slice"],"picked":"SKIP","floor":31},{"not_picked":["Bullet Time","Glass Knife"],"picked":"Venomology","floor":33},{"not_picked":["Sucker Punch+1","Prepared"],"picked":"Acrobatics","floor":35},{"not_picked":["Footwork","Heel Hook"],"picked":"Reflex","floor":36},{"not_picked":["Finisher","Expertise"],"picked":"Acrobatics+1","floor":39},{"not_picked":["Expertise","Terror+1"],"picked":"Prepared","floor":40},{"not_picked":["Bane+1","Quick Slash"],"picked":"Venomology","floor":44}],"player_experience":778093,"relics_obtained":[{"floor":9.0,"key":"White Beast Statue"},{"floor":11.0,"key":"Bag of Marbles"},{"floor":24.0,"key":"Ornamental Fan"},{"floor":26.0,"key":"Omamori"},{"floor":28.0,"key":"Turnip"},{"floor":40,"key":"Blood Vial"},{"floor":41,"key":"Unceasing Top"}],"event_choices":[{"damage_healed":0.0,"max_hp_gain":0.0,"max_hp_loss":0.0,"gold_gain":0.0,"event_name":"Liars Game","player_choice":"Ignored","floor":14.0,"gold_loss":0.0,"damage_taken":0.0},{"damage_healed":0.0,"max_hp_gain":0.0,"max_hp_loss":0.0,"gold_gain":0.0,"event_name":"Vampires","player_choice":"Ignored","floor":30.0,"gold_loss":0.0,"damage_taken":0.0},{"damage_healed":0,"gold_gain":0,"player_choice":"Max HP","damage_taken":0,"max_hp_gain":0,"max_hp_loss":3,"event_name":"Winding Halls","floor":37,"gold_loss":0},{"damage_healed":0,"gold_gain":0,"player_choice":"Fight","damage_taken":0,"max_hp_gain":0,"max_hp_loss":0,"event_name":"MindBloom","floor":41,"gold_loss":0},{"damage_healed":0,"gold_gain":0,"player_choice":"Memory 1","damage_taken":0,"max_hp_gain":0,"max_hp_loss":0,"event_name":"SensoryStone","floor":45,"gold_loss":0}],"is_beta":false,"boss_relics":[{"not_picked":["Sozu","SlaversCollar"],"picked":"SacredBark"},{"not_picked":["WristBlade","Calling Bell"],"picked":"Pandora\u0027s Box"}],"items_purged_floors":[2,29,38],"is_endless":false,"potions_floor_spawned":[3,10,11,13,16,18,19,20,21,22,24,28,31,33,35,36,39,40,41,44],"killed_by":"Reptomancer","ascension_level":20}