{"gold_per_floor":[20,20,40,40,65,65,65,78,157,157,181,181],"floor_reached":12,"playtime":180,"items_purged":[],"score":140,"play_id":"019afcd5-8929-4c01-b2be-30829bbdeedf","local_time":"20240807021810","is_ascension_mode":true,"campfire_choices":[{"data":"Blade Dance","floor":6,"key":"SMITH"},{"data":"Underhanded Strike","floor":10,"key":"SMITH"}],"neow_cost":"NO_GOLD","seed_source_timestamp":49554641528200,"circlet_count":0,"master_deck":["AscendersBane","Strike_G","Strike_G","Strike_G","Strike_G","Strike_G","Defend_G","Defend_G","Defend_G","Defend_G","Defend_G","Survivor","Neutralize","Violence","Underhanded Strike+1","Blade Dance+1","Acrobatics","All Out Attack","Dagger Throw"],"relics":["Ring of the Snake","Golden Idol","Matryoshka"],"potions_floor_usage":[3],"damage_taken":[{"damage":1,"enemies":"2 Louse","floor":1,"turns":4},{"damage":2,"enemies":"Jaw Worm","floor":3,"turns":6},{"damage":1,"enemies":"Cultist","floor":5,"turns":4},{"damage":1,"enemies":"Looter","floor":8,"turns":4},{"damage":4,"enemies":"2 Fungi Beasts","floor":11,"turns":3},{"damage":33,"enemies":"Gremlin Nob","floor":12,"turns":3}],"seed_played":"4685093209495959433","potions_obtained":[{"floor":1,"key":"Weak Potion"}],"is_trial":false,"path_per_floor":["M","?","M","?","M","R","$","M","T","R","M","E"],"character_chosen":"THE_SILENT","basemod:card_modifiers":[null,null,null,null,null,null,null,null,null,null,null,null,null,null,null,null,null,null,null],"items_purchased":[],"campfire_rested":0,"item_purchase_floors":[],"current_hp_per_floor":[58,35,33,33,32,32,32,31,31,31,27,0],"gold":181,"neow_bonus":"RANDOM_COLORLESS_2","is_prod":false,"is_daily":false,"chose_seed":false,"campfire_upgraded":2,"win_rate":0,"timestamp":1722964690,"path_taken":["M","?","M","?","M","R","$","M","T","R","M","E"],"build_version":"2022-12-18","purchased_purges":0,"victory":false,"max_hp_per_floor":[66,66,66,66,66,66,66,66,66,66,66,66],"relic_stats":{"Matryoshka":0,"counters":[6,24],"Golden Idol":17,"obtain_stats":[{"Matryoshka":9,"Golden Idol":2,"Ring of the Snake":0},{"Matryoshka":4,"Golden Idol":1,"Ring of the Snake":0},{"Matryoshka":18,"Golden Idol":4,"Ring of the Snake":0}],"Ring of the Snake":[12]},"card_choices":[{"not_picked":["Secret Weapon","Chrysalis"],"picked":"Violence","floor":0},{"not_picked":["Flying Knee","Deadly Poison"],"picked":"Underhanded Strike","floor":1},{"not_picked":["Predator","Sucker Punch"],"picked":"Blade Dance","floor":3},{"not_picked":["Infinite Blades","Riddle With Holes"],"picked":"Acrobatics","floor":5},{"not_picked":["Blur","Slice"],"picked":"All Out Attack","floor":8},{"not_picked":["Caltrops","Dodge and Roll"],"picked":"Dagger Throw","floor":11}],"player_experience":783115,"relics_obtained":[{"floor":9,"key":"Matryoshka"}],"event_choices":[{"damage_healed":0,"gold_gain":0,"player_choice":"Take Damage","damage_taken":23,"relics_obtained":["Golden Idol"],"max_hp_gain":0,"max_hp_loss":0,"event_name":"Golden Idol","floor":2,"gold_loss":0},{"damage_healed":0,"gold_gain":0,"player_choice":"Ignored","damage_taken":0,"max_hp_gain":0,"max_hp_loss":0,"event_name":"Liars Game","floor":4,"gold_loss":0}],"is_beta":false,"boss_relics":[],"items_purged_floors":[],"is_endless":false,"potions_floor_spawned":[1],"killed_by":"Gremlin Nob","ascension_level":20}