{"gold_per_floor":[117,135,147,197,122,153,153,178,178,178],"floor_reached":10,"playtime":174,"items_purged":["Strike_G"],"score":152,"play_id":"b2f7b381-e26e-4b8c-b1c6-82de52f4184f","local_time":"20240806230533","is_ascension_mode":true,"campfire_choices":[{"floor":7,"key":"REST"}],"neow_cost":"NONE","seed_source_timestamp":37995410164600,"circlet_count":0,"master_deck":["AscendersBane","Strike_G","Strike_G","Strike_G","Strike_G","Defend_G","Defend_G","Defend_G","Defend_G","Defend_G","Survivor","Neutralize","Acrobatics","Terror","Predator","Blade Dance","Well Laid Plans"],"special_seed":0,"relics":["Ring of the Snake","NeowsBlessing","Question Card","Pantograph","Mercury Hourglass"],"potions_floor_usage":[6,8],"damage_taken":[{"damage":0.0,"enemies":"Cultist","floor":1.0,"turns":1.0},{"damage":0.0,"enemies":"2 Louse","floor":2.0,"turns":1.0},{"damage":0.0,"enemies":"Small Slimes","floor":3.0,"turns":1.0},{"damage":39,"enemies":"Gremlin Nob","floor":6,"turns":4},{"damage":30,"enemies":"3 Sentries","floor":8,"turns":11},{"damage":0,"enemies":"Exordium Wildlife","floor":10,"turns":2}],"seed_played":"8971650599143053114","potions_obtained":[{"floor":2.0,"key":"SpeedPotion"},{"floor":3.0,"key":"SteroidPotion"},{"floor":8,"key":"Energy Potion"}],"is_trial":false,"path_per_floor":["M","M","M","?","$","E","R","E","T","M"],"character_chosen":"THE_SILENT","basemod:card_modifiers":[null,null,null,null,null,null,null,null,null,null,null,null,null,null,null,null,null],"items_purchased":[],"campfire_rested":1,"item_purchase_floors":[],"current_hp_per_floor":[59,59,59,53,53,14,33,3,3,3],"gold":178,"neow_bonus":"THREE_ENEMY_KILL","is_prod":false,"is_daily":false,"chose_seed":false,"campfire_upgraded":0,"win_rate":0,"timestamp":1722953133,"path_taken":["M","M","?","?","?","E","R","E","T","?"],"build_version":"2022-12-18","purchased_purges":1,"victory":false,"max_hp_per_floor":[66,66,66,66,66,66,66,66,66,66],"relic_stats":{"counters":[6,20],"Pantograph":0,"Question Card":1,"obtain_stats":[{"NeowsBlessing":0,"Pantograph":8,"Question Card":6,"Ring of the Snake":0,"Mercury Hourglass":9},{"NeowsBlessing":0,"Pantograph":5,"Question Card":4,"Ring of the Snake":0,"Mercury Hourglass":5},{"NeowsBlessing":0,"Pantograph":18,"Question Card":7,"Ring of the Snake":0,"Mercury Hourglass":18}],"Ring of the Snake":[12],"Mercury Hourglass":[12]},"card_choices":[{"not_picked":["Poisoned Stab","Riddle With Holes"],"picked":"Acrobatics","floor":1.0},{"not_picked":["Cloak And Dagger","Backflip"],"picked":"Terror","floor":2.0},{"not_picked":["Prepared","Bane"],"picked":"Predator","floor":3.0},{"not_picked":["Quick Slash","Tools of the Trade"],"picked":"Blade Dance","floor":6},{"not_picked":["Expertise","Leg Sweep","Skewer"],"picked":"Well Laid Plans","floor":8}],"player_experience":773408,"relics_obtained":[{"floor":6,"key":"Question Card"},{"floor":8,"key":"Pantograph"},{"floor":9,"key":"Mercury Hourglass"}],"event_choices":[{"damage_healed":0,"gold_gain":50,"player_choice":"Touch","damage_taken":6,"max_hp_gain":0,"max_hp_loss":0,"event_name":"FaceTrader","floor":4,"gold_loss":0}],"is_beta":false,"boss_relics":[],"items_purged_floors":[5],"is_endless":false,"potions_floor_spawned":[2,3,8],"killed_by":"Exordium Wildlife","ascension_level":20}