{"gold_per_floor":[130,165,216,216,250,307,344,417,417,471,526,541,571,199,199,274,274,253,284,299,30,64,64,94,94,172,172],"floor_reached":27,"playtime":820,"items_purged":["Strike_G","Strike_G"],"score":446,"play_id":"e6f645a7-206c-4460-a5e0-0e257f301e90","local_time":"20240807024753","is_ascension_mode":true,"campfire_choices":[{"floor":15,"key":"REST"},{"floor":23,"key":"REST"}],"neow_cost":"TEN_PERCENT_HP_LOSS","seed_source_timestamp":50680308427300,"circlet_count":0,"master_deck":["AscendersBane","Strike_G","Defend_G","Defend_G","Defend_G","Defend_G","Survivor","Neutralize","HandOfGreed","Blade Dance","Concentrate","Deadly Poison","Terror","Noxious Fumes+1","Acrobatics","Backflip","Footwork+1","Envenom+1","Endless Agony+1","Skewer+1","Grand Finale+1","Acrobatics","Escape Plan","Backflip+1","Tactician"],"special_seed":0,"relics":["Ring of the Snake","Frozen Egg 2","InkBottle","TungstenRod","OrangePellets","Astrolabe","Orrery","Singing Bowl"],"potions_floor_usage":[12,13,16,22,27],"damage_taken":[{"damage":2.0,"enemies":"2 Louse","floor":1.0,"turns":3.0},{"damage":2.0,"enemies":"Jaw Worm","floor":2.0,"turns":5.0},{"damage":2.0,"enemies":"Small Slimes","floor":3.0,"turns":5.0},{"damage":2.0,"enemies":"Red Slaver","floor":5.0,"turns":3.0},{"damage":17.0,"enemies":"Gremlin Gang","floor":6.0,"turns":4.0},{"damage":1.0,"enemies":"Large Slime","floor":7.0,"turns":5.0},{"damage":3.0,"enemies":"Exordium Thugs","floor":10.0,"turns":4.0},{"damage":37.0,"enemies":"3 Sentries","floor":11.0,"turns":8.0},{"damage":3,"enemies":"Blue Slaver","floor":12,"turns":3},{"damage":0,"enemies":"Large Slime","floor":13,"turns":5},{"damage":14,"enemies":"Hexaghost","floor":16,"turns":9},{"damage":10,"enemies":"2 Thieves","floor":18,"turns":4},{"damage":2,"enemies":"3 Byrds","floor":19,"turns":7},{"damage":9,"enemies":"Snecko","floor":20,"turns":5},{"damage":10,"enemies":"Snake Plant","floor":22,"turns":6},{"damage":10,"enemies":"Cultist and Chosen","floor":24,"turns":6},{"damage":6,"enemies":"Book of Stabbing","floor":27,"turns":5}],"seed_played":"1510680090523431102","potions_obtained":[{"floor":3.0,"key":"Regen Potion"},{"floor":6.0,"key":"GamblersBrew"},{"floor":11.0,"key":"Energy Potion"},{"floor":12,"key":"DistilledChaos"},{"floor":13,"key":"ColorlessPotion"},{"floor":19,"key":"LiquidMemories"},{"floor":24,"key":"LiquidMemories"}],"is_trial":false,"path_per_floor":["M","M","M","?","M","M","M","T","T","M","E","M","M","$","R","B",null,"M","M","M","$","M","R","M","?","T","E"],"character_chosen":"THE_SILENT","basemod:card_modifiers":[null,null,null,null,null,null,null,null,null,null,null,null,null,null,null,null,null,null,null,null,null,null,null,null,null],"items_purchased":["OrangePellets","Footwork+1","Block Potion","Orrery"],"campfire_rested":2,"item_purchase_floors":[14,14,14,21],"current_hp_per_floor":[57,55,53,53,51,34,33,33,33,30,8,5,5,5,23,9,47,37,35,26,26,16,34,24,24,24,18],"gold":172,"neow_bonus":"RANDOM_COLORLESS_2","is_prod":false,"is_daily":false,"chose_seed":false,"campfire_upgraded":0,"win_rate":0,"timestamp":1722966473,"path_taken":["M","M","M","?","M","M","M","?","T","M","E","M","M","$","R","BOSS","M","M","M","$","M","R","M","?","T","E"],"build_version":"2022-12-18","purchased_purges":2,"victory":false,"max_hp_per_floor":[60,60,60,60,60,60,60,60,60,60,60,60,60,60,60,60,60,60,60,60,60,60,60,60,60,60,60],"relic_stats":{"OrangePellets":[5],"Singing Bowl":0,"counters":[17,87],"Astrolabe":["Endless Agony","Skewer","Grand Finale"],"obtain_stats":[{"OrangePellets":14,"Singing Bowl":26,"Astrolabe":17,"Orrery":21,"Frozen Egg 2":8,"InkBottle":9,"TungstenRod":11,"Ring of the Snake":0},{"OrangePellets":10,"Singing Bowl":16,"Astrolabe":11,"Orrery":14,"Frozen Egg 2":6,"InkBottle":6,"TungstenRod":8,"Ring of the Snake":0},{"OrangePellets":45,"Singing Bowl":82,"Astrolabe":54,"Orrery":70,"Frozen Egg 2":25,"InkBottle":25,"TungstenRod":37,"Ring of the Snake":0}],"InkBottle":[26],"TungstenRod":21,"Ring of the Snake":[34]},"card_choices":[{"not_picked":["Magnetism","Sadistic Nature"],"picked":"HandOfGreed","floor":0.0},{"not_picked":["Sucker Punch","Cloak And Dagger","Riddle With Holes"],"picked":"SKIP","floor":1.0},{"not_picked":["Dagger Throw","Dodge and Roll"],"picked":"Blade Dance","floor":2.0},{"not_picked":["Eviscerate","Dodge and Roll"],"picked":"Concentrate","floor":3.0},{"not_picked":["Slice","Prepared","Dagger Spray"],"picked":"SKIP","floor":5.0},{"not_picked":["Die Die Die","Tactician"],"picked":"Deadly Poison","floor":6.0},{"not_picked":["Finisher","Setup"],"picked":"Terror","floor":7.0},{"not_picked":["Quick Slash","Tactician"],"picked":"Noxious Fumes+1","floor":10.0},{"not_picked":["Prepared","Outmaneuver"],"picked":"Acrobatics","floor":11.0},{"not_picked":["Terror","Predator","Cloak And Dagger"],"picked":"SKIP","floor":12},{"not_picked":["Dash","Expertise"],"picked":"Backflip","floor":13},{"not_picked":["Glass Knife","Bullet Time"],"picked":"Envenom+1","floor":16},{"not_picked":["Sucker Punch","Flechettes","Poisoned Stab"],"picked":"SKIP","floor":18},{"not_picked":["Backflip","Dagger Spray"],"picked":"Acrobatics","floor":19},{"not_picked":["Footwork+1","PiercingWail","Caltrops+1"],"picked":"SKIP","floor":20},{"not_picked":["Dagger Spray","Flying Knee"],"picked":"Escape Plan","floor":21},{"not_picked":["Prepared","Dagger Throw"],"picked":"Backflip+1","floor":21},{"not_picked":["Acrobatics","Terror","Bouncing Flask+1"],"picked":"SKIP","floor":22},{"not_picked":["Infinite Blades+1","Backflip+1"],"picked":"Tactician","floor":24}],"player_experience":784029,"relics_obtained":[{"floor":8.0,"key":"Frozen Egg 2"},{"floor":9.0,"key":"InkBottle"},{"floor":11.0,"key":"TungstenRod"},{"floor":26,"key":"Singing Bowl"}],"event_choices":[{"damage_healed":0.0,"max_hp_gain":0.0,"max_hp_loss":0.0,"gold_gain":0.0,"event_name":"Liars Game","player_choice":"Ignored","floor":4.0,"gold_loss":0.0,"damage_taken":0.0},{"damage_healed":0,"gold_gain":0,"player_choice":"Ignored","damage_taken":0,"max_hp_gain":0,"max_hp_loss":0,"event_name":"The Mausoleum","floor":25,"gold_loss":0}],"is_beta":false,"boss_relics":[{"not_picked":["Ectoplasm","Cursed Key"],"picked":"Astrolabe"}],"items_purged_floors":[14,21],"is_endless":false,"potions_floor_spawned":[3,6,7,11,12,13,19,24],"killed_by":"Book of Stabbing","ascension_level":20}