{"gold_per_floor":[117,132,151,151,151,151,164,174,174,192,208,49,49,84,84,158,158,177,177,196,228,241,241,271,271,296,312,324,356,356,372,372,446,446,466,466,478,53,72,102,102,134,134,134,183,208,226,46,46,46,46],"floor_reached":52,"playtime":2436,"items_purged":["Strike_G","Riddle With Holes","Flying Knee"],"score":2018,"play_id":"245f4776-e39c-4d95-9c16-2e439135ed4a","local_time":"20240807015215","is_ascension_mode":true,"campfire_choices":[{"data":"Terror","floor":6.0,"key":"SMITH"},{"data":"Blade Dance","floor":15.0,"key":"SMITH"},{"floor":23.0,"key":"REST"},{"floor":25.0,"key":"REST"},{"data":"Wraith Form v2","floor":30.0,"key":"SMITH"},{"data":"Acrobatics","floor":32.0,"key":"SMITH"},{"data":"Enlightenment","floor":41.0,"key":"SMITH"},{"data":"Tactician","floor":44.0,"key":"SMITH"},{"data":"Prepared","floor":49.0,"key":"SMITH"}],"neow_cost":"NONE","seed_source_timestamp":45621568212100,"circlet_count":0,"master_deck":["AscendersBane","Survivor","Neutralize","Terror+1","Dagger Throw","Adrenaline","Blade Dance+1","Accuracy","Bouncing Flask","Corpse Explosion","Dodge and Roll","Malaise","Deflect","Prepared+1","Wraith Form v2+1","Prepared","Tools of the Trade","Calculated Gamble+1","Acrobatics+1","Blade Dance","Tactician+1","Leg Sweep","Night Terror","Enlightenment+1","Finesse","Escape Plan+1","Reflex","Reflex"],"special_seed":0,"relics":["Ring of the Snake","Juzu Bracelet","Pantograph","Pandora\u0027s Box","Red Mask","Bottled Lightning","Orichalcum","MealTicket","Runic Pyramid","Ice Cream","Bird Faced Urn","Boot","Shovel","Prayer Wheel","Vajra"],"potions_floor_usage":[],"damage_taken":[{"damage":4.0,"enemies":"Small Slimes","floor":1.0,"turns":6.0},{"damage":4.0,"enemies":"Jaw Worm","floor":2.0,"turns":6.0},{"damage":0.0,"enemies":"2 Louse","floor":3.0,"turns":4.0},{"damage":1.0,"enemies":"Looter","floor":7.0,"turns":4.0},{"damage":21.0,"enemies":"Exordium Thugs","floor":8.0,"turns":7.0},{"damage":1.0,"enemies":"3 Louse","floor":10.0,"turns":6.0},{"damage":8.0,"enemies":"Exordium Wildlife","floor":11.0,"turns":5.0},{"damage":10.0,"enemies":"3 Sentries","floor":14.0,"turns":8.0},{"damage":14.0,"enemies":"The Guardian","floor":16.0,"turns":10.0},{"damage":6.0,"enemies":"Spheric Guardian","floor":18.0,"turns":3.0},{"damage":19.0,"enemies":"Chosen","floor":20.0,"turns":5.0},{"damage":0.0,"enemies":"Masked Bandits","floor":21.0,"turns":2.0},{"damage":13.0,"enemies":"Shelled Parasite and Fungi","floor":22.0,"turns":5.0},{"damage":16.0,"enemies":"Book of Stabbing","floor":24.0,"turns":5.0},{"damage":0.0,"enemies":"Centurion and Healer","floor":27.0,"turns":5.0},{"damage":0.0,"enemies":"3 Cultists","floor":28.0,"turns":2.0},{"damage":10.0,"enemies":"Gremlin Leader","floor":29.0,"turns":6.0},{"damage":2.0,"enemies":"Sentry and Sphere","floor":31.0,"turns":6.0},{"damage":16.0,"enemies":"Automaton","floor":33.0,"turns":10.0},{"damage":3.0,"enemies":"3 Shapes","floor":35.0,"turns":7.0},{"damage":1.0,"enemies":"Orb Walker","floor":37.0,"turns":8.0},{"damage":15.0,"enemies":"Writhing Mass","floor":39.0,"turns":12.0},{"damage":7.0,"enemies":"Nemesis","floor":40.0,"turns":9.0},{"damage":1.0,"enemies":"Giant Head","floor":42.0,"turns":8.0},{"damage":0.0,"enemies":"2 Orb Walkers","floor":45.0,"turns":4.0},{"damage":32.0,"enemies":"Reptomancer","floor":46.0,"turns":6.0},{"damage":0.0,"enemies":"Transient","floor":47.0,"turns":6.0},{"damage":1,"enemies":"Awakened One","floor":50,"turns":10},{"damage":5,"enemies":"Time Eater","floor":51,"turns":14}],"seed_played":"1871405339550749326","potions_obtained":[{"floor":1.0,"key":"Block Potion"},{"floor":8.0,"key":"GhostInAJar"},{"floor":11.0,"key":"Swift Potion"},{"floor":16.0,"key":"LiquidMemories"},{"floor":21.0,"key":"Strength Potion"},{"floor":24.0,"key":"Regen Potion"},{"floor":33.0,"key":"EssenceOfSteel"},{"floor":39.0,"key":"Poison Potion"},{"floor":47.0,"key":"AttackPotion"}],"is_trial":false,"path_per_floor":["M","M","M","?","?","R","M","M","T","M","M","$","?","E","R","B",null,"M","?","M","?","M","R","E","R","T","M","M","E","R","M","R","B",null,"M","?","M","$","M","E","R","E","T","R","?","E","M","$","R","B","B",null],"character_chosen":"THE_SILENT","basemod:card_modifiers":[null,null,null,null,null,null,null,null,null,null,null,null,null,null,null,null,null,null,null,null,null,null,null,null,null,null,null,null],"items_purchased":["Accuracy","Ice Cream","BlessingOfTheForge"],"campfire_rested":2,"item_purchase_floors":[12,38,48],"current_hp_per_floor":[55,51,51,51,56,56,55,34,34,33,25,25,25,15,15,26,60,54,54,35,35,22,43,27,48,48,48,48,38,38,36,36,45,65,62,52,51,66,66,59,59,70,70,70,71,43,51,66,66,71,71],"gold":46,"neow_bonus":"RANDOM_COMMON_RELIC","is_prod":false,"is_daily":false,"chose_seed":false,"campfire_upgraded":7,"win_rate":0,"timestamp":1722963135,"path_taken":["M","M","M","?","?","R","M","M","T","M","M","$","?","E","R","BOSS","M","?","M","?","M","R","E","R","T","M","M","E","R","M","R","BOSS","M","?","M","$","M","E","R","E","T","R","?","E","M","$","R","BOSS","BOSS"],"build_version":"2022-12-18","purchased_purges":3,"victory":true,"max_hp_per_floor":[66,66,66,66,71,71,71,71,71,71,71,71,71,71,71,71,71,71,71,71,71,71,71,71,71,71,71,71,71,71,71,71,71,71,71,71,71,71,71,71,71,71,71,71,71,71,71,71,71,71,71],"relic_stats":{"Ice Cream":[164],"counters":[29,189],"Juzu Bracelet":0,"Orichalcum":[426],"Boot":[16],"Shovel":0,"Pantograph":55,"Bird Faced Urn":[31],"Pandora\u0027s Box":["Dodge and Roll","Malaise","Deflect","Prepared","Wraith Form v2","Riddle With Holes","Prepared","Tools of the Trade"],"MealTicket":30,"Prayer Wheel":1,"Bottled Lightning":"Adrenaline","obtain_stats":[{"Ice Cream":38,"Vajra":46,"Juzu Bracelet":0,"Orichalcum":26,"Boot":42,"Shovel":43,"Pantograph":14,"Bird Faced Urn":40,"Pandora\u0027s Box":17,"MealTicket":29,"Prayer Wheel":45,"Red Mask":21,"Bottled Lightning":24,"Ring of the Snake":0,"Runic Pyramid":34},{"Ice Cream":21,"Vajra":26,"Juzu Bracelet":0,"Orichalcum":14,"Boot":24,"Shovel":24,"Pantograph":8,"Bird Faced Urn":23,"Pandora\u0027s Box":9,"MealTicket":17,"Prayer Wheel":25,"Red Mask":12,"Bottled Lightning":14,"Ring of the Snake":0,"Runic Pyramid":19},{"Ice Cream":120,"Vajra":159,"Juzu Bracelet":0,"Orichalcum":76,"Boot":149,"Shovel":149,"Pantograph":46,"Bird Faced Urn":141,"Pandora\u0027s Box":56,"MealTicket":89,"Prayer Wheel":153,"Red Mask":66,"Bottled Lightning":76,"Ring of the Snake":0,"Runic Pyramid":105}],"Ring of the Snake":[58]},"card_choices":[{"not_picked":["Deadly Poison","PiercingWail"],"picked":"Terror","floor":1.0},{"not_picked":["Outmaneuver","Prepared","Deadly Poison"],"picked":"SKIP","floor":2.0},{"not_picked":["Prepared","Quick Slash","Deflect"],"picked":"SKIP","floor":3.0},{"not_picked":["Outmaneuver","Concentrate"],"picked":"Dagger Throw","floor":7.0},{"not_picked":["Well Laid Plans","Poisoned Stab"],"picked":"Adrenaline","floor":8.0},{"not_picked":["Crippling Poison","Quick Slash"],"picked":"Flying Knee","floor":10.0},{"not_picked":["Dodge and Roll","Bullet Time"],"picked":"Blade Dance","floor":11.0},{"not_picked":["Poisoned Stab","Backflip"],"picked":"Bouncing Flask","floor":14.0},{"not_picked":["Adrenaline","Storm of Steel"],"picked":"Corpse Explosion","floor":16.0},{"not_picked":["Deflect","Footwork"],"picked":"Calculated Gamble+1","floor":18.0},{"not_picked":["Blur","Heel Hook"],"picked":"Acrobatics","floor":20.0},{"not_picked":["Caltrops+1","Venomology"],"picked":"Blade Dance","floor":22.0},{"not_picked":["Noxious Fumes","Riddle With Holes","Outmaneuver+1"],"picked":"SKIP","floor":24.0},{"not_picked":["Deflect","Prepared","Outmaneuver"],"picked":"SKIP","floor":27.0},{"not_picked":["Underhanded Strike","Slice"],"picked":"Tactician","floor":28.0},{"not_picked":["Blur","Terror+1"],"picked":"Leg Sweep","floor":29.0},{"not_picked":["Accuracy","Deadly Poison+1","Flying Knee"],"picked":"SKIP","floor":31.0},{"not_picked":["Envenom","A Thousand Cuts"],"picked":"Night Terror","floor":33.0},{"not_picked":["Quick Slash","Deflect+1","Slice"],"picked":"SKIP","floor":35.0},{"not_picked":["Deep Breath","Forethought"],"picked":"Enlightenment","floor":36.0},{"not_picked":["Dramatic Entrance","Panache"],"picked":"Finesse","floor":36.0},{"not_picked":["Deadly Poison","PiercingWail+1","Expertise+1"],"picked":"SKIP","floor":37.0},{"not_picked":["Reflex","Dagger Spray"],"picked":"Escape Plan+1","floor":39.0},{"not_picked":["Bane","Cloak And Dagger+1","Acrobatics+1"],"picked":"SKIP","floor":40.0},{"not_picked":["Caltrops","Heel Hook+1","Finisher"],"picked":"SKIP","floor":42.0},{"not_picked":["Expertise","Unload","Footwork"],"picked":"SKIP","floor":46.0},{"not_picked":["Underhanded Strike","Quick Slash"],"picked":"Reflex","floor":47.0},{"not_picked":["Dagger Throw","Bane"],"picked":"Reflex","floor":47.0}],"player_experience":780212,"relics_obtained":[{"floor":14.0,"key":"Pantograph"},{"floor":21.0,"key":"Red Mask"},{"floor":24.0,"key":"Bottled Lightning"},{"floor":26.0,"key":"Orichalcum"},{"floor":29.0,"key":"MealTicket"},{"floor":40.0,"key":"Bird Faced Urn"},{"floor":42.0,"key":"Boot"},{"floor":43.0,"key":"Shovel"},{"floor":45.0,"key":"Prayer Wheel"},{"floor":46.0,"key":"Vajra"}],"event_choices":[{"damage_healed":0.0,"max_hp_gain":0.0,"max_hp_loss":0.0,"gold_gain":0.0,"event_name":"Liars Game","player_choice":"Ignored","floor":4.0,"gold_loss":0.0,"damage_taken":0.0},{"damage_healed":0.0,"max_hp_gain":5.0,"max_hp_loss":0.0,"gold_gain":0.0,"event_name":"Big Fish","player_choice":"Donut","floor":5.0,"gold_loss":0.0,"damage_taken":0.0},{"cards_removed":["Strike_G"],"damage_healed":0.0,"max_hp_gain":0.0,"max_hp_loss":0.0,"gold_gain":0.0,"event_name":"Living Wall","player_choice":"Forget","floor":13.0,"gold_loss":0.0,"damage_taken":0.0},{"damage_healed":0.0,"max_hp_gain":0.0,"max_hp_loss":0.0,"gold_gain":0.0,"event_name":"Cursed Tome","player_choice":"Ignored","floor":19.0,"gold_loss":0.0,"damage_taken":0.0},{"damage_healed":0.0,"max_hp_gain":0.0,"max_hp_loss":0.0,"gold_gain":0.0,"event_name":"Masked Bandits","player_choice":"Fought Bandits","floor":21.0,"gold_loss":0.0,"damage_taken":0.0},{"damage_healed":0.0,"max_hp_gain":0.0,"max_hp_loss":0.0,"gold_gain":0.0,"event_name":"SensoryStone","player_choice":"Memory 3","floor":36.0,"gold_loss":0.0,"damage_taken":10.0},{"damage_healed":0.0,"max_hp_gain":0.0,"max_hp_loss":0.0,"gold_gain":0.0,"event_name":"Mysterious Sphere","player_choice":"Fight","floor":45.0,"gold_loss":0.0,"damage_taken":0.0}],"is_beta":false,"boss_relics":[{"not_picked":["SlaversCollar","Coffee Dripper"],"picked":"Pandora\u0027s Box"},{"not_picked":["Empty Cage","Ring of the Serpent"],"picked":"Runic Pyramid"}],"items_purged_floors":[12,38,48],"is_endless":false,"potions_floor_spawned":[1,8,11,14,16,21,24,28,29,33,35,37,39,47],"ascension_level":20}