{"gold_per_floor":[116,116,133,150,167,202,202,236,236,249,214,139,154,173,173,173],"floor_reached":16,"playtime":293,"items_purged":["Strike_G"],"score":228,"play_id":"9a014433-dce1-48df-84b7-f2417e4f5808","local_time":"20240807031417","is_ascension_mode":true,"campfire_choices":[{"floor":7,"key":"REST"},{"floor":15,"key":"REST"}],"neow_cost":"NONE","seed_source_timestamp":52801157363400,"circlet_count":0,"master_deck":["AscendersBane","Strike_G","Strike_G","Strike_G","Strike_G","Defend_G","Defend_G","Defend_G","Defend_G","Survivor","Neutralize","Underhanded Strike","Slice","Dagger Throw","Well Laid Plans","Dagger Spray","Escape Plan"],"special_seed":0,"relics":["Ring of the Snake","NeowsBlessing","Bag of Preparation","Vajra","Dream Catcher"],"potions_floor_usage":[7,14],"damage_taken":[{"damage":0.0,"enemies":"2 Louse","floor":1.0,"turns":1.0},{"damage":0.0,"enemies":"Jaw Worm","floor":3.0,"turns":1.0},{"damage":0.0,"enemies":"Small Slimes","floor":4.0,"turns":1.0},{"damage":0.0,"enemies":"Blue Slaver","floor":5.0,"turns":4.0},{"damage":30.0,"enemies":"3 Sentries","floor":6.0,"turns":11.0},{"damage":50,"enemies":"Gremlin Nob","floor":8,"turns":5},{"damage":0,"enemies":"3 Louse","floor":10,"turns":3},{"damage":1,"enemies":"Gremlin Gang","floor":13,"turns":3},{"damage":10,"enemies":"Exordium Wildlife","floor":14,"turns":2},{"damage":0,"enemies":"Slime Boss","floor":16,"turns":3}],"seed_played":"-7767730079281708744","potions_obtained":[{"floor":4.0,"key":"Fruit Juice"},{"floor":5.0,"key":"Dexterity Potion"},{"floor":8,"key":"Weak Potion"},{"floor":10,"key":"AttackPotion"}],"is_trial":false,"path_per_floor":["M","?","M","M","M","E","R","E","T","M","?","$","M","M","R","B"],"character_chosen":"THE_SILENT","basemod:card_modifiers":[null,null,null,null,null,null,null,null,null,null,null,null,null,null,null,null,null],"items_purchased":[],"campfire_rested":2,"item_purchase_floors":[],"current_hp_per_floor":[59,59,59,59,59,29,55,5,5,5,22,22,21,11,32,32],"gold":173,"neow_bonus":"THREE_ENEMY_KILL","is_prod":false,"is_daily":false,"chose_seed":false,"campfire_upgraded":0,"win_rate":0,"timestamp":1722968057,"path_taken":["M","?","M","M","M","E","R","E","T","M","?","$","?","M","R","BOSS"],"build_version":"2022-12-18","purchased_purges":1,"victory":false,"max_hp_per_floor":[66,66,66,66,66,66,71,71,71,71,71,71,71,71,71,71],"relic_stats":{"Dream Catcher":1,"counters":[10,34],"Bag of Preparation":[10],"obtain_stats":[{"Dream Catcher":9,"NeowsBlessing":0,"Vajra":8,"Bag of Preparation":6,"Ring of the Snake":0},{"Dream Catcher":6,"NeowsBlessing":0,"Vajra":6,"Bag of Preparation":5,"Ring of the Snake":0},{"Dream Catcher":23,"NeowsBlessing":0,"Vajra":23,"Bag of Preparation":18,"Ring of the Snake":0}],"Ring of the Snake":[20]},"card_choices":[{"not_picked":["Blur","PiercingWail"],"picked":"Underhanded Strike","floor":1.0},{"not_picked":["Accuracy","Noxious Fumes","Slice"],"picked":"SKIP","floor":3.0},{"not_picked":["Accuracy","Noxious Fumes"],"picked":"Slice","floor":3.0},{"not_picked":["Concentrate","Bane","Riddle With Holes"],"picked":"SKIP","floor":4.0},{"not_picked":["Endless Agony","Tactician"],"picked":"Dagger Throw","floor":5.0},{"not_picked":["Bane","Underhanded Strike"],"picked":"Well Laid Plans","floor":6.0},{"not_picked":["Deadly Poison","Flechettes","Infinite Blades"],"picked":"SKIP","floor":8},{"not_picked":["Dagger Throw","Well Laid Plans"],"picked":"Dagger Spray","floor":10},{"not_picked":["Sucker Punch","Poisoned Stab"],"picked":"Escape Plan","floor":13},{"not_picked":["Deflect","Deadly Poison","Wraith Form v2"],"picked":"SKIP","floor":14},{"not_picked":["Deflect","Deadly Poison","Wraith Form v2"],"picked":"SKIP","floor":14}],"player_experience":785999,"relics_obtained":[{"floor":6.0,"key":"Bag of Preparation"},{"floor":8,"key":"Vajra"},{"floor":9,"key":"Dream Catcher"}],"event_choices":[{"cards_removed":["Defend_G"],"damage_healed":0.0,"max_hp_gain":0.0,"max_hp_loss":0.0,"gold_gain":0.0,"event_name":"Living Wall","player_choice":"Forget","floor":2.0,"gold_loss":0.0,"damage_taken":0.0},{"damage_healed":17,"gold_gain":0,"player_choice":"Healed","damage_taken":0,"max_hp_gain":0,"max_hp_loss":0,"event_name":"The Cleric","floor":11,"gold_loss":35}],"is_beta":false,"boss_relics":[],"items_purged_floors":[12],"is_endless":false,"potions_floor_spawned":[4,5,8,10,13],"killed_by":"Slime Boss","ascension_level":20}