{"gold_per_floor":[115,115,126,51,64,64,90,104,104,159,171,171,182,201,201,201],"floor_reached":16,"playtime":310,"items_purged":["Defend_G"],"score":208,"play_id":"74edf70b-8ea3-4138-a10a-38e9197ac7af","local_time":"20240806231314","is_ascension_mode":true,"campfire_choices":[{"data":"Caltrops","floor":6,"key":"SMITH"},{"data":"Dagger Throw","floor":15,"key":"SMITH"}],"neow_cost":"NONE","seed_source_timestamp":38329208106100,"circlet_count":0,"master_deck":["AscendersBane","Strike_G","Strike_G","Strike_G","Strike_G","Strike_G","Defend_G","Defend_G","Defend_G","Defend_G","Survivor","Neutralize","Dagger Throw+1","Caltrops+1","Slice","Dash+1","Acrobatics","Calculated Gamble"],"relics":["Ring of the Snake","NeowsBlessing","Incense Burner","Paper Crane","Calipers"],"potions_floor_usage":[11,14],"damage_taken":[{"damage":0,"enemies":"Jaw Worm","floor":1,"turns":1},{"damage":0,"enemies":"Cultist","floor":3,"turns":1},{"damage":0,"enemies":"Small Slimes","floor":5,"turns":1},{"damage":37,"enemies":"3 Sentries","floor":7,"turns":10},{"damage":3,"enemies":"Blue Slaver","floor":8,"turns":4},{"damage":15,"enemies":"Exordium Thugs","floor":11,"turns":5},{"damage":0,"enemies":"2 Fungi Beasts","floor":13,"turns":4},{"damage":0,"enemies":"Blue Slaver","floor":14,"turns":5},{"damage":8,"enemies":"Hexaghost","floor":16,"turns":9}],"seed_played":"7705136804341667624","potions_obtained":[{"floor":5,"key":"LiquidBronze"},{"floor":11,"key":"Regen Potion"},{"floor":13,"key":"DistilledChaos"}],"is_trial":false,"path_per_floor":["M","?","M","$","M","R","E","M","T","?","M","?","M","M","R","B"],"character_chosen":"THE_SILENT","basemod:card_modifiers":[null,null,null,null,null,null,null,null,null,null,null,null,null,null,null,null,null,null],"items_purchased":[],"campfire_rested":0,"item_purchase_floors":[],"current_hp_per_floor":[59,59,59,59,59,59,22,19,19,19,4,4,4,19,19,11],"gold":201,"neow_bonus":"THREE_ENEMY_KILL","is_prod":false,"is_daily":false,"chose_seed":false,"campfire_upgraded":2,"win_rate":0,"timestamp":1722953594,"path_taken":["M","?","M","$","?","R","E","M","T","?","M","?","?","M","R","BOSS"],"build_version":"2022-12-18","purchased_purges":1,"victory":false,"max_hp_per_floor":[66,66,66,66,66,66,66,66,66,66,66,66,66,66,66,66],"relic_stats":{"Calipers":[0],"counters":[9,40],"obtain_stats":[{"Calipers":9,"NeowsBlessing":0,"Incense Burner":2,"Paper Crane":7,"Ring of the Snake":0},{"Calipers":5,"NeowsBlessing":0,"Incense Burner":1,"Paper Crane":4,"Ring of the Snake":0},{"Calipers":17,"NeowsBlessing":0,"Incense Burner":1,"Paper Crane":13,"Ring of the Snake":0}],"Ring of the Snake":[18]},"card_choices":[{"not_picked":["Deflect","Backflip"],"picked":"Dagger Throw","floor":1},{"not_picked":["Distraction","Crippling Poison"],"picked":"Caltrops","floor":3},{"not_picked":["All Out Attack","Flechettes"],"picked":"Slice","floor":5},{"not_picked":["Concentrate","Finisher"],"picked":"Dash","floor":7},{"not_picked":["Blade Dance","Underhanded Strike"],"picked":"Acrobatics","floor":8},{"not_picked":["Distraction","Dodge and Roll","All Out Attack"],"picked":"SKIP","floor":11},{"not_picked":["Dodge and Roll","Catalyst"],"picked":"Calculated Gamble","floor":13},{"not_picked":["Predator","Quick Slash","Acrobatics"],"picked":"SKIP","floor":14}],"player_experience":773721,"relics_obtained":[{"floor":2,"key":"Incense Burner"},{"floor":7,"key":"Paper Crane"},{"floor":9,"key":"Calipers"}],"event_choices":[{"damage_healed":0,"gold_gain":0,"player_choice":"Relic","damage_taken":0,"max_hp_gain":0,"max_hp_loss":0,"event_name":"Wheel of Change","floor":2,"gold_loss":0},{"damage_healed":0,"gold_gain":55,"player_choice":"Gained Gold","damage_taken":0,"max_hp_gain":0,"max_hp_loss":0,"event_name":"Golden Wing","floor":10,"gold_loss":0},{"damage_healed":0,"gold_gain":0,"player_choice":"Upgraded","damage_taken":0,"max_hp_gain":0,"max_hp_loss":0,"event_name":"Upgrade Shrine","floor":12,"gold_loss":0,"cards_upgraded":["Dash"]}],"is_beta":false,"boss_relics":[],"items_purged_floors":[4],"is_endless":false,"potions_floor_spawned":[5,11,13],"killed_by":"Hexaghost","ascension_level":20}