{"gold_per_floor":[113,131,56,131,131,172,172,248,248,33,48,48,67,82,82,175,238,256,256,275,291,50,50,50],"floor_reached":24,"playtime":630,"items_purged":["Strike_G"],"score":467,"play_id":"0327156a-781e-4320-8a28-563ee1fd21dd","local_time":"20240806230050","is_ascension_mode":true,"campfire_choices":[{"data":"Envenom","floor":7.0,"key":"SMITH"},{"data":"Apotheosis","floor":12.0,"key":"SMITH"},{"floor":15.0,"key":"REST"},{"data":"Calculated Gamble","floor":23.0,"key":"SMITH"}],"neow_cost":"NONE","seed_source_timestamp":37176341151900,"circlet_count":0,"master_deck":["AscendersBane","Strike_G","Strike_G","Strike_G+1","Defend_G","Defend_G","Defend_G","Defend_G","Defend_G","Survivor","Neutralize","Blade Dance","Envenom+1","Underhanded Strike","Apotheosis+1","Well Laid Plans","Venomology","Acrobatics","Ghostly","Ghostly","Ghostly","Calculated Gamble+1","Escape Plan+1","Ghostly"],"special_seed":0,"relics":["Ring of the Snake","NeowsBlessing","Golden Idol","Bronze Scales","Centennial Puzzle","Gambling Chip","Tiny House","DollysMirror"],"potions_floor_usage":[24,24,24],"damage_taken":[{"damage":0.0,"enemies":"Small Slimes","floor":1.0,"turns":1.0},{"damage":0.0,"enemies":"2 Louse","floor":2.0,"turns":1.0},{"damage":0.0,"enemies":"Lagavulin","floor":6.0,"turns":1.0},{"damage":24.0,"enemies":"Gremlin Nob","floor":8.0,"turns":4.0},{"damage":0.0,"enemies":"Cultist","floor":11.0,"turns":3.0},{"damage":0.0,"enemies":"2 Fungi Beasts","floor":13.0,"turns":2.0},{"damage":0.0,"enemies":"3 Louse","floor":14.0,"turns":3.0},{"damage":10.0,"enemies":"Slime Boss","floor":16.0,"turns":8.0},{"damage":15.0,"enemies":"2 Thieves","floor":18.0,"turns":4.0},{"damage":0.0,"enemies":"Spheric Guardian","floor":20.0,"turns":6.0},{"damage":3.0,"enemies":"Cultist and Chosen","floor":21.0,"turns":7.0},{"damage":24,"enemies":"Slavers","floor":24,"turns":6}],"seed_played":"4313782044928109972","potions_obtained":[{"floor":1.0,"key":"FearPotion"},{"floor":6.0,"key":"SkillPotion"},{"floor":11.0,"key":"SteroidPotion"},{"floor":17.0,"key":"EntropicBrew"}],"is_trial":false,"path_per_floor":["M","M","?","?","?","E","R","?","T","$","M","R","M","M","R","B",null,"M","?","M","M","$","R","E"],"character_chosen":"THE_SILENT","basemod:card_modifiers":[null,null,null,null,null,null,null,null,null,null,null,null,null,null,null,null,null,null,null,null,null,null,null,null],"items_purchased":["Apotheosis","DollysMirror"],"campfire_rested":1,"item_purchase_floors":[10,22],"current_hp_per_floor":[59,59,59,48,48,48,48,24,24,24,24,24,24,24,42,32,58,43,32,32,29,29,29,5],"gold":50,"neow_bonus":"THREE_ENEMY_KILL","is_prod":false,"is_daily":false,"chose_seed":false,"campfire_upgraded":3,"win_rate":0,"timestamp":1722952850,"path_taken":["M","M","?","?","?","E","R","?","T","?","?","R","M","M","R","BOSS","M","?","M","M","$","R","E"],"build_version":"2022-12-18","purchased_purges":1,"victory":false,"max_hp_per_floor":[66,66,66,66,60,60,60,60,60,60,60,60,60,60,60,60,65,65,32,32,32,32,32,32],"relic_stats":{"Centennial Puzzle":[15],"counters":[12,46],"Golden Idol":84,"Bronze Scales":[111],"Gambling Chip":[32],"obtain_stats":[{"Centennial Puzzle":8,"Tiny House":17,"NeowsBlessing":0,"Golden Idol":5,"DollysMirror":22,"Bronze Scales":6,"Gambling Chip":9,"Ring of the Snake":0},{"Centennial Puzzle":3,"Tiny House":8,"NeowsBlessing":0,"Golden Idol":2,"DollysMirror":11,"Bronze Scales":3,"Gambling Chip":4,"Ring of the Snake":0},{"Centennial Puzzle":3,"Tiny House":23,"NeowsBlessing":0,"Golden Idol":2,"DollysMirror":40,"Bronze Scales":3,"Gambling Chip":7,"Ring of the Snake":0}],"Ring of the Snake":[24]},"card_choices":[{"not_picked":["Distraction","Sucker Punch","Prepared"],"picked":"SKIP","floor":1.0},{"not_picked":["Acrobatics","Deadly Poison"],"picked":"Blade Dance","floor":2.0},{"not_picked":["Footwork","Flechettes"],"picked":"Envenom","floor":6.0},{"not_picked":["Deflect","Masterful Stab"],"picked":"Underhanded Strike","floor":8.0},{"not_picked":["Accuracy","Skewer","Dagger Spray"],"picked":"SKIP","floor":11.0},{"not_picked":["Cloak And Dagger","Deadly Poison"],"picked":"Well Laid Plans","floor":13.0},{"not_picked":["Quick Slash","Poisoned Stab","Accuracy"],"picked":"SKIP","floor":14.0},{"not_picked":["Die Die Die","Wraith Form v2"],"picked":"Venomology","floor":16.0},{"not_picked":["Dagger Spray","Bane"],"picked":"Acrobatics","floor":18.0},{"not_picked":["Poisoned Stab","Bouncing Flask"],"picked":"Calculated Gamble","floor":20.0},{"not_picked":["Cloak And Dagger","Crippling Poison"],"picked":"Escape Plan+1","floor":21.0}],"player_experience":772691,"relics_obtained":[{"floor":6.0,"key":"Bronze Scales"},{"floor":9.0,"key":"Gambling Chip"}],"event_choices":[{"cards_removed":["Strike_G"],"damage_healed":0.0,"max_hp_gain":0.0,"max_hp_loss":0.0,"gold_gain":0.0,"event_name":"The Cleric","player_choice":"Card Removal","floor":3.0,"gold_loss":75.0,"damage_taken":0.0},{"damage_healed":0.0,"max_hp_gain":0.0,"max_hp_loss":0.0,"gold_gain":75.0,"event_name":"World of Goop","player_choice":"Gather Gold","floor":4.0,"gold_loss":0.0,"damage_taken":11.0},{"damage_healed":0.0,"max_hp_gain":0.0,"max_hp_loss":6.0,"gold_gain":0.0,"event_name":"Golden Idol","player_choice":"Lose Max HP","floor":5.0,"gold_loss":0.0,"damage_taken":0.0,"relics_obtained":["Golden Idol"]},{"damage_healed":0.0,"max_hp_gain":0.0,"max_hp_loss":0.0,"gold_gain":0.0,"event_name":"Dead Adventurer","player_choice":"Searched \u00272\u0027 times","floor":8.0,"gold_loss":0.0,"damage_taken":0.0,"relics_obtained":["Centennial Puzzle"]},{"damage_healed":0.0,"max_hp_gain":0.0,"max_hp_loss":33.0,"gold_gain":0.0,"event_name":"Ghosts","player_choice":"Became a Ghost","floor":19.0,"gold_loss":0.0,"damage_taken":0.0,"cards_obtained":["Ghostly","Ghostly","Ghostly"]}],"is_beta":false,"boss_relics":[{"not_picked":["Busted Crown","Coffee Dripper"],"picked":"Tiny House"}],"items_purged_floors":[22],"is_endless":false,"potions_floor_spawned":[1,6,11,13,20,21],"killed_by":"Slavers","ascension_level":20}