{"gold_per_floor":[360,360,378,398,119,154,154,183,206,269,269],"floor_reached":11,"playtime":305,"items_purged":["Strike_R"],"score":162,"play_id":"10e30598-a06a-4976-b09e-d40fbaa30adb","local_time":"20240807202750","is_ascension_mode":true,"campfire_choices":[{"data":"Uppercut","floor":7,"key":"SMITH"}],"neow_cost":"PERCENT_DAMAGE","seed_source_timestamp":17291652834800,"circlet_count":0,"master_deck":["AscendersBane","Strike_R","Strike_R","Strike_R","Strike_R","Defend_R","Defend_R","Defend_R","Defend_R","Bash","Battle Trance","Ghostly Armor","Headbutt","Hemokinesis","Feel No Pain","Reckless Charge","Uppercut+1"],"relics":["Burning Blood","Omamori","Nunchaku","Akabeko","Mummified Hand"],"potions_floor_usage":[10],"damage_taken":[{"damage":4,"enemies":"2 Louse","floor":1,"turns":4},{"damage":1,"enemies":"Small Slimes","floor":3,"turns":4},{"damage":19,"enemies":"Jaw Worm","floor":4,"turns":5},{"damage":33,"enemies":"Gremlin Nob","floor":6,"turns":4},{"damage":13,"enemies":"3 Sentries","floor":8,"turns":12},{"damage":26,"enemies":"Lagavulin Event","floor":10,"turns":6},{"damage":3,"enemies":"Lots of Slimes","floor":11,"turns":2}],"seed_played":"8517335690701144286","potions_obtained":[{"floor":4,"key":"Swift Potion"}],"is_trial":false,"path_per_floor":["M","?","M","M","$","E","R","E","T","?","M"],"character_chosen":"IRONCLAD","basemod:card_modifiers":[null,null,null,null,null,null,null,null,null,null,null,null,null,null,null,null,null],"items_purchased":["Hemokinesis","Feel No Pain","Reckless Charge"],"campfire_rested":0,"item_purchase_floors":[5,5,5],"current_hp_per_floor":[52,75,75,62,62,35,35,28,28,8,5],"gold":269,"neow_bonus":"TWO_FIFTY_GOLD","is_prod":false,"is_daily":false,"chose_seed":false,"campfire_upgraded":1,"win_rate":0,"timestamp":1723030070,"path_taken":["M","?","M","M","$","E","R","E","T","?","M"],"build_version":"2022-12-18","purchased_purges":1,"victory":false,"max_hp_per_floor":[75,75,75,75,75,75,75,75,75,75,75],"relic_stats":{"Nunchaku":[1],"counters":[7,37],"Mummified Hand":[0],"Omamori":0,"obtain_stats":[{"Nunchaku":8,"Mummified Hand":10,"Omamori":6,"Burning Blood":0,"Akabeko":9},{"Nunchaku":5,"Mummified Hand":6,"Omamori":4,"Burning Blood":0,"Akabeko":5},{"Nunchaku":29,"Mummified Hand":35,"Omamori":17,"Burning Blood":0,"Akabeko":29}],"Burning Blood":31},"card_choices":[{"not_picked":["Warcry","Cleave"],"picked":"Battle Trance","floor":1},{"not_picked":["Body Slam","Dark Embrace"],"picked":"Ghostly Armor","floor":3},{"not_picked":["Clash","Twin Strike"],"picked":"Headbutt","floor":4},{"not_picked":["Dropkick","Demon Form"],"picked":"Uppercut","floor":6},{"not_picked":["Infernal Blade","Dual Wield","Power Through"],"picked":"SKIP","floor":8}],"player_experience":792847,"relics_obtained":[{"floor":6,"key":"Omamori"},{"floor":8,"key":"Nunchaku"},{"floor":9,"key":"Akabeko"},{"floor":10,"key":"Mummified Hand"}],"event_choices":[{"damage_healed":25,"gold_gain":0,"player_choice":"Banana","damage_taken":0,"max_hp_gain":0,"max_hp_loss":0,"event_name":"Big Fish","floor":2,"gold_loss":0},{"damage_healed":0,"gold_gain":0,"player_choice":"Searched \u00271\u0027 times","damage_taken":0,"max_hp_gain":0,"max_hp_loss":0,"event_name":"Dead Adventurer","floor":10,"gold_loss":0}],"is_beta":false,"boss_relics":[],"items_purged_floors":[5],"is_endless":false,"potions_floor_spawned":[4],"killed_by":"Lots of Slimes","ascension_level":20}