{"gold_per_floor":[15,34,50,68,88,123,123,123,149,178,194,210,270,299,299,376,376,396,409,420,432,432,432,160,191,191,191,191,191,209,240,240,240],"floor_reached":33,"playtime":1130,"items_purged":["Bite"],"score":693,"play_id":"652c8167-0d08-432d-bf66-67aeff170aa0","local_time":"20240807163722","is_ascension_mode":true,"campfire_choices":[{"floor":7.0,"key":"REST"},{"data":"Apotheosis","floor":15,"key":"SMITH"},{"floor":23,"key":"REST"},{"floor":27,"key":"REST"},{"floor":29,"key":"RECALL"},{"floor":32,"key":"REST"}],"neow_cost":"NO_GOLD","seed_source_timestamp":2631268910400,"circlet_count":0,"master_deck":["AscendersBane","Defend_G","Defend_G","Defend_G","Defend_G","Survivor","Neutralize","Apotheosis+1","Blade Dance","Caltrops","Noxious Fumes","Acrobatics","Die Die Die","Leg Sweep","Accuracy+1","Prepared+1","Bite","Bite","Bite","Bite","PiercingWail+1","Backflip"],"special_seed":0,"relics":["Ring of the Snake","Lantern","Ancient Tea Set","Omamori","Nunchaku","Frozen Egg 2","Empty Cage","Bottled Tornado","Blood Vial","Potion Belt"],"potions_floor_usage":[12,16,18,19,20,21,25,33,33,33],"damage_taken":[{"damage":1.0,"enemies":"Jaw Worm","floor":1.0,"turns":4.0},{"damage":0.0,"enemies":"Small Slimes","floor":2.0,"turns":3.0},{"damage":0.0,"enemies":"2 Louse","floor":3.0,"turns":3.0},{"damage":28.0,"enemies":"Lots of Slimes","floor":4.0,"turns":5.0},{"damage":9.0,"enemies":"Looter","floor":5.0,"turns":4.0},{"damage":18.0,"enemies":"3 Sentries","floor":6.0,"turns":9.0},{"damage":0.0,"enemies":"Lagavulin","floor":10.0,"turns":7.0},{"damage":3.0,"enemies":"Exordium Wildlife","floor":11.0,"turns":4.0},{"damage":0,"enemies":"Large Slime","floor":12,"turns":4},{"damage":6,"enemies":"3 Sentries","floor":13,"turns":6},{"damage":4,"enemies":"3 Sentries","floor":14,"turns":6},{"damage":6,"enemies":"Hexaghost","floor":16,"turns":9},{"damage":19,"enemies":"Spheric Guardian","floor":18,"turns":7},{"damage":12,"enemies":"Chosen","floor":19,"turns":5},{"damage":5,"enemies":"3 Cultists","floor":20,"turns":4},{"damage":12,"enemies":"Snake Plant","floor":21,"turns":6},{"damage":31,"enemies":"Gremlin Leader","floor":25,"turns":10},{"damage":17,"enemies":"Cultist and Chosen","floor":30,"turns":6},{"damage":24,"enemies":"Book of Stabbing","floor":31,"turns":6},{"damage":99,"enemies":"Champ","floor":33,"turns":17}],"seed_played":"-990575100917084691","potions_obtained":[{"floor":3.0,"key":"SpeedPotion"},{"floor":4.0,"key":"Explosive Potion"},{"floor":6.0,"key":"Block Potion"},{"floor":14,"key":"Swift Potion"},{"floor":16,"key":"DuplicationPotion"},{"floor":19,"key":"ColorlessPotion"},{"floor":20,"key":"DuplicationPotion"},{"floor":25,"key":"SteroidPotion"},{"floor":31,"key":"Energy Potion"}],"is_trial":false,"path_per_floor":["M","M","M","M","M","E","R","?","T","E","M","M","?","E","R","B",null,"M","M","M","M","?","R","$","E","T","R","?","R","M","E","R","B"],"character_chosen":"THE_SILENT","basemod:card_modifiers":[null,null,null,null,null,null,null,null,null,null,null,null,null,null,null,null,null,null,null,null,null,null],"items_purchased":["PiercingWail","CunningPotion","Strength Potion"],"campfire_rested":4,"item_purchase_floors":[24,24,24],"current_hp_per_floor":[58,58,58,30,21,3,22,22,22,22,19,19,13,9,9,3,50,31,19,14,2,2,15,15,15,15,28,28,28,26,12,25,0],"gold":240,"neow_bonus":"RANDOM_COLORLESS_2","is_prod":false,"is_daily":false,"chose_seed":false,"campfire_upgraded":1,"win_rate":0,"timestamp":1723016242,"path_taken":["M","M","M","M","M","E","R","?","T","E","M","M","?","E","R","BOSS","M","M","M","M","?","R","$","E","T","R","?","R","?","E","R","BOSS"],"build_version":"2022-12-18","purchased_purges":1,"victory":false,"max_hp_per_floor":[66,66,66,66,66,66,66,66,66,66,66,66,66,66,66,66,66,66,66,66,66,46,46,46,46,46,46,46,46,46,46,46,46],"relic_stats":{"Blood Vial":6,"Nunchaku":[18],"counters":[20,125],"Omamori":0,"Bottled Tornado":"Accuracy","Ancient Tea Set":[8],"obtain_stats":[{"Blood Vial":26,"Potion Belt":31,"Lantern":6,"Nunchaku":13,"Omamori":10,"Frozen Egg 2":14,"Bottled Tornado":25,"Ancient Tea Set":9,"Empty Cage":17,"Ring of the Snake":0},{"Blood Vial":17,"Potion Belt":19,"Lantern":6,"Nunchaku":10,"Omamori":7,"Frozen Egg 2":11,"Bottled Tornado":17,"Ancient Tea Set":6,"Empty Cage":12,"Ring of the Snake":0},{"Blood Vial":96,"Potion Belt":108,"Lantern":28,"Nunchaku":49,"Omamori":35,"Frozen Egg 2":55,"Bottled Tornado":96,"Ancient Tea Set":28,"Empty Cage":64,"Ring of the Snake":0}],"Ring of the Snake":[40]},"card_choices":[{"not_picked":["Thinking Ahead","Sadistic Nature"],"picked":"Apotheosis","floor":0.0},{"not_picked":["Bane","PiercingWail"],"picked":"Blade Dance","floor":1.0},{"not_picked":["Backstab","Prepared"],"picked":"Caltrops","floor":2.0},{"not_picked":["Infinite Blades","Endless Agony","Cloak And Dagger"],"picked":"SKIP","floor":3.0},{"not_picked":["Well Laid Plans","Skewer"],"picked":"Noxious Fumes","floor":4.0},{"not_picked":["Acrobatics","Deflect","Cloak And Dagger"],"picked":"SKIP","floor":5.0},{"not_picked":["Cloak And Dagger","Expertise"],"picked":"Acrobatics","floor":6.0},{"not_picked":["Slice","Heel Hook"],"picked":"Die Die Die","floor":10.0},{"not_picked":["Skewer","Choke"],"picked":"Leg Sweep","floor":11},{"not_picked":["Deadly Poison","Quick Slash","Dagger Spray"],"picked":"SKIP","floor":12},{"not_picked":["Flying Knee","Deadly Poison","Outmaneuver"],"picked":"SKIP","floor":14},{"not_picked":["Slice","Leg Sweep"],"picked":"Accuracy+1","floor":18},{"not_picked":["Flying Knee","Prepared","Leg Sweep"],"picked":"SKIP","floor":19},{"not_picked":["Dagger Throw","Poisoned Stab","Backflip"],"picked":"SKIP","floor":20},{"not_picked":["Noxious Fumes+1","Backflip"],"picked":"Prepared+1","floor":21},{"not_picked":["Bouncing Flask","PiercingWail","Choke"],"picked":"SKIP","floor":25},{"not_picked":["PiercingWail","Predator","Crippling Poison"],"picked":"SKIP","floor":30},{"not_picked":["Grand Finale","Acrobatics"],"picked":"Backflip","floor":31}],"player_experience":788533,"relics_obtained":[{"floor":6.0,"key":"Lantern"},{"floor":9.0,"key":"Ancient Tea Set"},{"floor":10.0,"key":"Omamori"},{"floor":13,"key":"Nunchaku"},{"floor":14,"key":"Frozen Egg 2"},{"floor":25,"key":"Bottled Tornado"},{"floor":26,"key":"Blood Vial"},{"floor":31,"key":"Potion Belt"}],"event_choices":[{"damage_healed":0.0,"max_hp_gain":0.0,"max_hp_loss":0.0,"gold_gain":0.0,"event_name":"Liars Game","player_choice":"Ignored","floor":8.0,"gold_loss":0.0,"damage_taken":0.0},{"damage_healed":0,"gold_gain":0,"player_choice":"Searched \u00271\u0027 times","damage_taken":0,"max_hp_gain":0,"max_hp_loss":0,"event_name":"Dead Adventurer","floor":13,"gold_loss":0},{"damage_healed":0,"gold_gain":0,"player_choice":"Became a vampire","damage_taken":0,"max_hp_gain":0,"max_hp_loss":20,"event_name":"Vampires","floor":22,"gold_loss":0,"cards_obtained":["Bite","Bite","Bite","Bite","Bite"]},{"damage_healed":0,"gold_gain":0,"player_choice":"Forge","damage_taken":0,"max_hp_gain":0,"max_hp_loss":0,"event_name":"Accursed Blacksmith","floor":28,"gold_loss":0,"cards_upgraded":["PiercingWail"]}],"is_beta":false,"boss_relics":[{"not_picked":["Calling Bell","HoveringKite"],"picked":"Empty Cage"}],"items_purged_floors":[24],"is_endless":false,"potions_floor_spawned":[3,4,6,10,14,16,19,20,25,31],"killed_by":"Champ","ascension_level":20}