{"gold_per_floor":[114,114,130,146,71,71,71,71,71,71,146,162,162],"floor_reached":13,"playtime":184,"items_purged":["Accuracy"],"score":146,"play_id":"a4f3111a-6ce1-47b7-951e-88802b0f70c5","local_time":"20240807164610","is_ascension_mode":true,"campfire_choices":[{"data":"Flechettes","floor":6,"key":"SMITH"},{"floor":8,"key":"REST"},{"floor":10,"key":"RECALL"}],"neow_cost":"NONE","seed_source_timestamp":4113464464900,"circlet_count":0,"master_deck":["AscendersBane","Strike_G","Strike_G","Strike_G","Strike_G","Defend_G","Defend_G","Defend_G","Defend_G","Survivor","Neutralize","Accuracy","Flechettes+1","Heel Hook"],"relics":["Ring of the Snake","Golden Idol","Question Card"],"potions_floor_usage":[13],"damage_taken":[{"damage":2,"enemies":"Small Slimes","floor":1,"turns":7},{"damage":17,"enemies":"Cultist","floor":3,"turns":4},{"damage":19,"enemies":"Jaw Worm","floor":4,"turns":5},{"damage":25,"enemies":"Large Slime","floor":12,"turns":10},{"damage":0,"enemies":"Gremlin Nob","floor":13,"turns":3}],"seed_played":"-4101633006427249692","potions_obtained":[{"floor":4,"key":"Block Potion"}],"is_trial":false,"path_per_floor":["M","?","M","M","$","R","?","R","T","R","?","M","E"],"character_chosen":"THE_SILENT","basemod:card_modifiers":[null,null,null,null,null,null,null,null,null,null,null,null,null,null],"items_purchased":[],"campfire_rested":1,"item_purchase_floors":[],"current_hp_per_floor":[57,57,40,21,21,21,21,39,39,39,28,3,3],"gold":162,"neow_bonus":"TRANSFORM_CARD","is_prod":false,"is_daily":false,"chose_seed":false,"campfire_upgraded":1,"win_rate":0,"timestamp":1723016770,"path_taken":["M","?","M","?","$","R","?","R","T","R","?","M","E"],"build_version":"2022-12-18","purchased_purges":1,"victory":false,"max_hp_per_floor":[66,66,66,66,66,66,60,60,60,60,60,60,60],"relic_stats":{"counters":[5,29],"Golden Idol":3,"Question Card":1,"obtain_stats":[{"Golden Idol":7,"Question Card":9,"Ring of the Snake":0},{"Golden Idol":3,"Question Card":3,"Ring of the Snake":0},{"Golden Idol":16,"Question Card":16,"Ring of the Snake":0}],"Ring of the Snake":[10]},"card_choices":[{"not_picked":["Flying Knee","Outmaneuver"],"picked":"Flechettes","floor":1},{"not_picked":["Acrobatics","Catalyst","Distraction"],"picked":"SKIP","floor":3},{"not_picked":["Infinite Blades","Deflect","Deadly Poison"],"picked":"SKIP","floor":4},{"not_picked":["Dagger Spray","Setup","Prepared"],"picked":"Heel Hook","floor":12}],"player_experience":789973,"relics_obtained":[{"floor":9,"key":"Question Card"}],"event_choices":[{"damage_healed":0,"gold_gain":0,"cards_transformed":["Defend_G"],"player_choice":"Transformed","damage_taken":0,"max_hp_gain":0,"max_hp_loss":0,"event_name":"Transmorgrifier","floor":2,"gold_loss":0,"cards_obtained":["Accuracy"]},{"damage_healed":0,"gold_gain":0,"player_choice":"Lose Max HP","damage_taken":0,"relics_obtained":["Golden Idol"],"max_hp_gain":0,"max_hp_loss":6,"event_name":"Golden Idol","floor":7,"gold_loss":0},{"damage_healed":0,"gold_gain":75,"player_choice":"Gather Gold","damage_taken":11,"max_hp_gain":0,"max_hp_loss":0,"event_name":"World of Goop","floor":11,"gold_loss":0}],"is_beta":false,"boss_relics":[],"items_purged_floors":[5],"is_endless":false,"potions_floor_spawned":[4],"killed_by":"Gremlin Nob","ascension_level":20}