{"gold_per_floor":[114,133,153,153,168,168,168],"floor_reached":7,"playtime":183,"items_purged":[],"score":86,"play_id":"d898ba9d-1d0e-461b-8504-649ba6c8fcf5","local_time":"20240813132549","is_ascension_mode":true,"campfire_choices":[{"floor":6,"key":"REST"}],"neow_cost":"TEN_PERCENT_HP_LOSS","seed_source_timestamp":1853523843000,"circlet_count":0,"master_deck":["AscendersBane","Strike_R","Strike_R","Strike_R","Defend_R","Defend_R","Defend_R","Defend_R","Bash","Exhume","Exhume","Shrug It Off","Battle Trance","Spot Weakness","Seeing Red"],"relics":["Burning Blood","Golden Idol"],"potions_floor_usage":[],"damage_taken":[{"damage":23,"enemies":"Cultist","floor":1,"turns":6},{"damage":0,"enemies":"2 Louse","floor":2,"turns":6},{"damage":14,"enemies":"Small Slimes","floor":3,"turns":6},{"damage":7,"enemies":"2 Fungi Beasts","floor":5,"turns":4},{"damage":0,"enemies":"Gremlin Nob","floor":7,"turns":2}],"seed_played":"6578017030975178181","potions_obtained":[{"floor":3,"key":"Dexterity Potion"},{"floor":5,"key":"Dexterity Potion"}],"is_trial":false,"path_per_floor":["M","M","M","?","M","R","E"],"character_chosen":"IRONCLAD","basemod:card_modifiers":[null,null,null,null,null,null,null,null,null,null,null,null,null,null,null],"items_purchased":[],"campfire_rested":1,"item_purchase_floors":[],"current_hp_per_floor":[51,57,49,26,25,45,45],"gold":168,"neow_bonus":"TRANSFORM_TWO_CARDS","is_prod":false,"is_daily":false,"chose_seed":false,"campfire_upgraded":0,"win_rate":0,"timestamp":1723523149,"path_taken":["M","M","?","?","M","R","E"],"build_version":"2022-12-18","purchased_purges":0,"victory":false,"max_hp_per_floor":[68,68,68,68,68,68,68],"relic_stats":{"counters":[5,24],"Golden Idol":3,"obtain_stats":[{"Golden Idol":4,"Burning Blood":0},{"Golden Idol":3,"Burning Blood":0},{"Golden Idol":18,"Burning Blood":0}],"Burning Blood":24},"card_choices":[{"not_picked":["Headbutt","Thunderclap"],"picked":"Shrug It Off","floor":1},{"not_picked":["Warcry","Rage"],"picked":"Battle Trance","floor":2},{"not_picked":["Rampage","Second Wind"],"picked":"Spot Weakness","floor":3},{"not_picked":["Sentinel","Reckless Charge"],"picked":"Seeing Red","floor":5}],"player_experience":803208,"relics_obtained":[],"event_choices":[{"damage_healed":0,"gold_gain":0,"player_choice":"Take Damage","damage_taken":23,"relics_obtained":["Golden Idol"],"max_hp_gain":0,"max_hp_loss":0,"event_name":"Golden Idol","floor":4,"gold_loss":0}],"is_beta":false,"boss_relics":[],"items_purged_floors":[],"is_endless":false,"potions_floor_spawned":[3,5],"killed_by":"Gremlin Nob","ascension_level":20}