{"gold_per_floor":[116,191,191,191,204,233,22,37,37,54,88,88,103,120,120,191,191,209,228,248,248,248,248,262,296,296,336,365,397,90,164,164,236,236,255,300,311,311,327,361,361,386,386,386,398,3,30,30,30,30,30,30,30,0,28,28],"floor_reached":57,"playtime":2285,"items_purged":["Strike_R","Strike_R","Carnage"],"score":2884,"play_id":"95ffe5df-f1b9-4ca5-addb-a532f0005331","local_time":"20240807210909","is_ascension_mode":true,"campfire_choices":[{"data":"Whirlwind","floor":15.0,"key":"SMITH"},{"floor":23.0,"key":"REST"},{"data":"Strike_R","floor":32.0,"key":"PURGE"},{"data":"Strike_R","floor":41.0,"key":"PURGE"},{"data":"Defend_R","floor":44.0,"key":"PURGE"},{"floor":49.0,"key":"RECALL"},{"data":"Defend_R","floor":53,"key":"PURGE"}],"neow_cost":"NONE","seed_source_timestamp":17606090070400,"circlet_count":0,"master_deck":["AscendersBane","Defend_R+1","Defend_R+1","Bash","Pommel Strike","Power Through+1","True Grit+1","Fire Breathing","Shrug It Off+1","Whirlwind+1","Armaments+1","Disarm+1","Fiend Fire","Shockwave+1","Dark Embrace","Warcry+1","Second Wind+1","Feel No Pain","Impervious+1","Seeing Red+1","Reaper","Offering+1","Warcry+1","Spot Weakness+1","Sword Boomerang","Evolve","Body Slam","Feel No Pain+1"],"special_seed":0,"relics":["Burning Blood","NeowsBlessing","Toxic Egg 2","Toy Ornithopter","Question Card","Blood Vial","Fusion Hammer","Peace Pipe","MawBank","Pen Nib","Orrery","Singing Bowl","Philosopher\u0027s Stone","Pocketwatch","Mummified Hand","Smiling Mask","Art of War","Gambling Chip","CaptainsWheel","War Paint"],"potions_floor_usage":[56,56],"damage_taken":[{"damage":0.0,"enemies":"2 Louse","floor":1.0,"turns":1.0},{"damage":0.0,"enemies":"Jaw Worm","floor":5.0,"turns":1.0},{"damage":0.0,"enemies":"Lagavulin","floor":6.0,"turns":1.0},{"damage":12.0,"enemies":"Small Slimes","floor":8.0,"turns":3.0},{"damage":3.0,"enemies":"Blue Slaver","floor":10.0,"turns":4.0},{"damage":28.0,"enemies":"Gremlin Nob","floor":11.0,"turns":4.0},{"damage":20.0,"enemies":"Exordium Thugs","floor":13.0,"turns":10.0},{"damage":0.0,"enemies":"Gremlin Gang","floor":14.0,"turns":3.0},{"damage":20.0,"enemies":"The Guardian","floor":16.0,"turns":15.0},{"damage":18.0,"enemies":"Chosen","floor":18.0,"turns":5.0},{"damage":16.0,"enemies":"Spheric Guardian","floor":19.0,"turns":5.0},{"damage":5.0,"enemies":"Snecko","floor":20.0,"turns":5.0},{"damage":21.0,"enemies":"Sentry and Sphere","floor":24.0,"turns":8.0},{"damage":64.0,"enemies":"Slavers","floor":25.0,"turns":6.0},{"damage":3.0,"enemies":"Book of Stabbing","floor":27.0,"turns":5.0},{"damage":18.0,"enemies":"Shelled Parasite and Fungi","floor":28.0,"turns":9.0},{"damage":0.0,"enemies":"Snake Plant","floor":29.0,"turns":5.0},{"damage":53.0,"enemies":"Collector","floor":33.0,"turns":16.0},{"damage":40.0,"enemies":"3 Darklings","floor":35.0,"turns":8.0},{"damage":24.0,"enemies":"2 Orb Walkers","floor":36.0,"turns":5.0},{"damage":6.0,"enemies":"3 Shapes","floor":37.0,"turns":7.0},{"damage":22.0,"enemies":"Transient","floor":39.0,"turns":6.0},{"damage":9.0,"enemies":"Nemesis","floor":40.0,"turns":5.0},{"damage":28.0,"enemies":"Giant Head","floor":42.0,"turns":8.0},{"damage":3.0,"enemies":"4 Shapes","floor":45.0,"turns":4.0},{"damage":6.0,"enemies":"Reptomancer","floor":47.0,"turns":3.0},{"damage":32.0,"enemies":"Donu and Deca","floor":50.0,"turns":11.0},{"damage":27,"enemies":"Time Eater","floor":51,"turns":7},{"damage":7,"enemies":"Shield and Spear","floor":55,"turns":4},{"damage":41,"enemies":"The Heart","floor":56,"turns":8}],"seed_played":"-5545080198156017232","potions_obtained":[{"floor":1.0,"key":"PowerPotion"},{"floor":5.0,"key":"PowerPotion"},{"floor":8.0,"key":"Swift Potion"},{"floor":16.0,"key":"BlessingOfTheForge"},{"floor":25.0,"key":"Ancient Potion"},{"floor":27.0,"key":"Fruit Juice"},{"floor":29.0,"key":"Ancient Potion"}],"is_trial":false,"path_per_floor":["M","?","T","?","M","E","$","M","T","M","E","$","M","M","R","B",null,"M","M","M","?","?","R","M","E","T","E","M","M","$","T","R","B",null,"M","?","M","T","M","E","R","E","T","R","M","$","E","?","R","B","B",null,"R","$","E","B",null],"character_chosen":"IRONCLAD","basemod:card_modifiers":[null,null,null,null,null,null,null,null,null,null,null,null,null,null,null,null,null,null,null,null,null,null,null,null,null,null,null,null],"items_purchased":["True Grit+1","Fire Breathing","Orrery","PowerPotion","Gambling Chip","Body Slam"],"campfire_rested":1,"item_purchase_floors":[7,7,30,30,46,54],"current_hp_per_floor":[74,63,63,63,69,75,75,69,69,72,53,53,41,49,49,37,66,56,48,51,51,51,73,60,9,9,19,9,22,32,32,32,12,63,49,47,55,55,43,56,56,47,47,47,52,52,66,66,66,84,63,79,79,79,80,75],"gold":28,"neow_bonus":"THREE_ENEMY_KILL","is_prod":false,"is_daily":false,"chose_seed":false,"campfire_upgraded":1,"win_rate":0,"timestamp":1723032549,"path_taken":["M","?","?","?","?","E","$","M","T","M","E","?","M","M","R","BOSS","M","?","M","?","?","R","M","E","T","E","M","M","$","?","R","BOSS","M","?","M","?","M","E","R","E","T","R","M","$","E","?","R","BOSS","BOSS","R","$","E","BOSS"],"build_version":"2022-12-18","purchased_purges":3,"victory":true,"max_hp_per_floor":[75,75,75,75,75,75,75,75,75,75,75,75,75,75,75,75,75,75,75,75,75,75,75,75,75,75,75,75,75,80,80,80,80,80,80,82,82,82,84,86,86,88,88,88,88,88,88,84,84,84,84,84,84,84,84,84],"relic_stats":{"Singing Bowl":8,"counters":[30,182],"Pen Nib":[12],"War Paint":["Defend_R","Defend_R"],"Question Card":28,"MawBank":48,"Smiling Mask":75,"Burning Blood":180,"Blood Vial":46,"Peace Pipe":4,"Mummified Hand":[35],"Gambling Chip":[15],"Art of War":[7],"obtain_stats":[{"NeowsBlessing":0,"Singing Bowl":31,"Pen Nib":27,"War Paint":55,"Question Card":9,"MawBank":26,"Smiling Mask":42,"Burning Blood":0,"Blood Vial":11,"Peace Pipe":25,"CaptainsWheel":47,"Mummified Hand":40,"Gambling Chip":46,"Orrery":30,"Philosopher\u0027s Stone":34,"Fusion Hammer":17,"Art of War":43,"Toxic Egg 2":3,"Toy Ornithopter":6,"Pocketwatch":36},{"NeowsBlessing":0,"Singing Bowl":17,"Pen Nib":15,"War Paint":29,"Question Card":4,"MawBank":14,"Smiling Mask":24,"Burning Blood":0,"Blood Vial":6,"Peace Pipe":14,"CaptainsWheel":26,"Mummified Hand":23,"Gambling Chip":25,"Orrery":17,"Philosopher\u0027s Stone":18,"Fusion Hammer":9,"Art of War":24,"Toxic Egg 2":1,"Toy Ornithopter":3,"Pocketwatch":20},{"NeowsBlessing":0,"Singing Bowl":90,"Pen Nib":76,"War Paint":174,"Question Card":6,"MawBank":71,"Smiling Mask":145,"Burning Blood":0,"Blood Vial":14,"Peace Pipe":71,"CaptainsWheel":152,"Mummified Hand":137,"Gambling Chip":149,"Orrery":90,"Philosopher\u0027s Stone":106,"Fusion Hammer":42,"Art of War":145,"Toxic Egg 2":1,"Toy Ornithopter":3,"Pocketwatch":119}],"Toy Ornithopter":33,"Pocketwatch":[39]},"card_choices":[{"not_picked":["Shrug It Off","Intimidate"],"picked":"Carnage","floor":1.0},{"not_picked":["Heavy Blade","Clothesline"],"picked":"Pommel Strike","floor":5.0},{"not_picked":["Thunderclap","Havoc+1"],"picked":"Power Through+1","floor":6.0},{"not_picked":["Power Through+1","Pommel Strike","Heavy Blade"],"picked":"SKIP","floor":8.0},{"not_picked":["Warcry+1","Iron Wave","Sword Boomerang"],"picked":"Shrug It Off+1","floor":10.0},{"not_picked":["Shrug It Off+1","Sword Boomerang","Thunderclap"],"picked":"Whirlwind","floor":11.0},{"not_picked":["Sword Boomerang","Body Slam","Entrench+1"],"picked":"Armaments+1","floor":13.0},{"not_picked":["Warcry+1","Sentinel+1","Bloodletting+1"],"picked":"Disarm+1","floor":14.0},{"not_picked":["Reaper","Corruption","Juggernaut"],"picked":"Fiend Fire","floor":16.0},{"not_picked":["Flex+1","Cleave","Reckless Charge","Combust"],"picked":"SKIP","floor":18.0},{"not_picked":["Thunderclap","Clash","Heavy Blade+1"],"picked":"Shockwave+1","floor":19.0},{"not_picked":["Metallicize","Wild Strike","Power Through+1","Perfected Strike"],"picked":"SKIP","floor":20.0},{"not_picked":["Headbutt","Metallicize","Cleave","Perfected Strike"],"picked":"SKIP","floor":24.0},{"not_picked":["Fire Breathing","Sever Soul","Shrug It Off+1"],"picked":"Warcry+1","floor":25.0},{"not_picked":["Searing Blow","Dark Embrace","Intimidate+1","Thunderclap"],"picked":"SKIP","floor":27.0},{"not_picked":["Fire Breathing+1","Sword Boomerang","Pommel Strike+1","Sever Soul"],"picked":"SKIP","floor":28.0},{"not_picked":["Intimidate+1","Whirlwind","Clash","Disarm+1"],"picked":"SKIP","floor":29.0},{"not_picked":["Thunderclap","Havoc+1","Burning Pact+1"],"picked":"Second Wind+1","floor":30.0},{"not_picked":["Sever Soul+1","Heavy Blade","Body Slam"],"picked":"Feel No Pain","floor":30.0},{"not_picked":["True Grit+1","Havoc+1","Seeing Red+1"],"picked":"Impervious+1","floor":30.0},{"not_picked":["Flame Barrier+1","True Grit+1","Iron Wave"],"picked":"Seeing Red+1","floor":30.0},{"not_picked":["Thunderclap","Clash","Shrug It Off+1"],"picked":"Reaper","floor":30.0},{"not_picked":["Impervious+1","Exhume+1","Bludgeon"],"picked":"Offering+1","floor":33.0},{"not_picked":["Sever Soul","Headbutt","Uppercut"],"picked":"Warcry+1","floor":35.0},{"not_picked":["Power Through+1","Warcry+1","Disarm+1","Heavy Blade"],"picked":"Singing Bowl","floor":36.0},{"not_picked":["Warcry+1","Rupture","Armaments+1"],"picked":"Spot Weakness+1","floor":37.0},{"not_picked":["Heavy Blade","Warcry+1","Armaments+1","Immolate"],"picked":"Singing Bowl","floor":39.0},{"not_picked":["Feel No Pain","Armaments+1","Iron Wave","Disarm+1"],"picked":"Singing Bowl","floor":40.0},{"not_picked":["Flex+1","Perfected Strike","Rupture","Clash"],"picked":"Singing Bowl","floor":42.0},{"not_picked":["Wild Strike","Thunderclap","Infernal Blade+1"],"picked":"Sword Boomerang","floor":45.0},{"not_picked":["Sword Boomerang","Sever Soul","Immolate"],"picked":"Evolve","floor":47.0},{"not_picked":["Heavy Blade","Iron Wave","Headbutt+1"],"picked":"Feel No Pain+1","floor":55}],"player_experience":793152,"relics_obtained":[{"floor":3.0,"key":"Toxic Egg 2"},{"floor":6.0,"key":"Toy Ornithopter"},{"floor":9.0,"key":"Question Card"},{"floor":11.0,"key":"Blood Vial"},{"floor":25.0,"key":"Peace Pipe"},{"floor":26.0,"key":"MawBank"},{"floor":27.0,"key":"Pen Nib"},{"floor":31.0,"key":"Singing Bowl"},{"floor":36.0,"key":"Pocketwatch"},{"floor":40.0,"key":"Mummified Hand"},{"floor":42.0,"key":"Smiling Mask"},{"floor":43.0,"key":"Art of War"},{"floor":47.0,"key":"CaptainsWheel"},{"floor":55,"key":"War Paint"}],"event_choices":[{"damage_healed":0.0,"max_hp_gain":0.0,"max_hp_loss":0.0,"gold_gain":75.0,"event_name":"World of Goop","player_choice":"Gather Gold","floor":2.0,"gold_loss":0.0,"damage_taken":11.0},{"cards_removed":["Strike_R"],"damage_healed":0.0,"max_hp_gain":0.0,"max_hp_loss":0.0,"gold_gain":0.0,"event_name":"Living Wall","player_choice":"Forget","floor":4.0,"gold_loss":0.0,"damage_taken":0.0},{"damage_healed":0.0,"max_hp_gain":0.0,"max_hp_loss":0.0,"gold_gain":0.0,"event_name":"The Library","player_choice":"Read","floor":21.0,"gold_loss":0.0,"damage_taken":0.0,"cards_obtained":["Dark Embrace"]},{"damage_healed":0.0,"max_hp_gain":0.0,"max_hp_loss":0.0,"gold_gain":0.0,"event_name":"The Mausoleum","player_choice":"Ignored","floor":22.0,"gold_loss":0.0,"damage_taken":0.0},{"damage_healed":0.0,"max_hp_gain":0.0,"max_hp_loss":0.0,"gold_gain":0.0,"event_name":"Mysterious Sphere","player_choice":"Fight","floor":36.0,"gold_loss":0.0,"damage_taken":0.0},{"damage_healed":0.0,"max_hp_gain":0.0,"max_hp_loss":4.0,"gold_gain":0.0,"event_name":"Winding Halls","player_choice":"Max HP","floor":48.0,"gold_loss":0.0,"damage_taken":0.0}],"is_beta":false,"boss_relics":[{"not_picked":["Snecko Eye","Astrolabe"],"picked":"Fusion Hammer"},{"not_picked":["Black Star","Cursed Key"],"picked":"Philosopher\u0027s Stone"}],"items_purged_floors":[7,30,46],"is_endless":false,"potions_floor_spawned":[1,5,8,16,24,25,27,29,36,37,40,42,55],"ascension_level":20}