{"gold_per_floor":[118,118,118,43,62,93,93,119,119,136,151,151,184,202,202,276,276,292,302,302,140,140,140,159,159,159,59,93,93,110,142,142,217,217,234,234,456,44,58,58,93,139,221],"floor_reached":43,"playtime":1070,"items_purged":["Infinite Blades+1","Strike_G","Strike_G+1"],"score":1059,"play_id":"d5b01199-b27b-4a6c-8e38-12a6b13dbce6","local_time":"20240808192109","is_ascension_mode":true,"campfire_choices":[{"data":"Eviscerate","floor":12.0,"key":"SMITH"},{"data":"Poisoned Stab","floor":15.0,"key":"SMITH"},{"floor":23.0,"key":"REST"},{"floor":25.0,"key":"REST"},{"data":"Prepared","floor":32.0,"key":"SMITH"},{"data":"Calculated Gamble","floor":40,"key":"SMITH"}],"neow_cost":"NONE","seed_source_timestamp":27026388926800,"circlet_count":0,"master_deck":["AscendersBane","Defend_G+1","Defend_G","Defend_G","Survivor","Neutralize","Backflip","Poisoned Stab+1","Dagger Throw","Eviscerate+1","Acrobatics","Adrenaline","Corpse Explosion+1","Corpse Explosion+1","Catalyst","Reflex+1","Setup+1","Prepared+1","Finesse","Bandage Up","Calculated Gamble+1","Normality"],"special_seed":0,"relics":["Ring of the Snake","NeowsBlessing","Unceasing Top","Orichalcum","Mango","Potion Belt","Astrolabe","InkBottle","Thread and Needle","Red Mask","Cursed Key","Pantograph","Toxic Egg 2","Lizard Tail"],"potions_floor_usage":[33,33,33,41,41],"damage_taken":[{"damage":0.0,"enemies":"2 Louse","floor":1.0,"turns":1.0},{"damage":0.0,"enemies":"Small Slimes","floor":5.0,"turns":1.0},{"damage":0.0,"enemies":"Lagavulin","floor":6.0,"turns":1.0},{"damage":22.0,"enemies":"3 Sentries","floor":8.0,"turns":9.0},{"damage":0.0,"enemies":"Cultist","floor":10.0,"turns":2.0},{"damage":0.0,"enemies":"Large Slime","floor":11.0,"turns":4.0},{"damage":11.0,"enemies":"Lagavulin","floor":13.0,"turns":5.0},{"damage":0.0,"enemies":"Blue Slaver","floor":14.0,"turns":3.0},{"damage":25.0,"enemies":"The Guardian","floor":16.0,"turns":16.0},{"damage":13.0,"enemies":"2 Thieves","floor":18.0,"turns":2.0},{"damage":24.0,"enemies":"Spheric Guardian","floor":19.0,"turns":6.0},{"damage":13.0,"enemies":"Centurion and Healer","floor":24.0,"turns":4.0},{"damage":34.0,"enemies":"Book of Stabbing","floor":28.0,"turns":5.0},{"damage":6.0,"enemies":"Cultist and Chosen","floor":30.0,"turns":4.0},{"damage":0.0,"enemies":"Masked Bandits","floor":31.0,"turns":2.0},{"damage":22,"enemies":"Champ","floor":33,"turns":6},{"damage":0,"enemies":"Orb Walker","floor":35,"turns":2},{"damage":0,"enemies":"3 Darklings","floor":39,"turns":1},{"damage":37,"enemies":"Reptomancer","floor":41,"turns":5},{"damage":4,"enemies":"2 Orb Walkers","floor":42,"turns":2}],"seed_played":"6062181172217472758","potions_obtained":[{"floor":5.0,"key":"Fruit Juice"},{"floor":8.0,"key":"LiquidBronze"},{"floor":10.0,"key":"LiquidMemories"},{"floor":14.0,"key":"AttackPotion"},{"floor":16.0,"key":"Dexterity Potion"},{"floor":20.0,"key":"PowerPotion"},{"floor":20.0,"key":"BlessingOfTheForge"},{"floor":28.0,"key":"FairyPotion"},{"floor":31.0,"key":"AttackPotion"},{"floor":33,"key":"Regen Potion"},{"floor":39,"key":"AttackPotion"},{"floor":42,"key":"CunningPotion"}],"is_trial":false,"path_per_floor":["M","?","?","?","M","E","?","E","T","M","M","R","E","M","R","B",null,"M","M","?","$","?","R","M","R","T","$","E","T","M","?","R","B",null,"M","?","?","$","M","R","E","?","T"],"character_chosen":"THE_SILENT","basemod:card_modifiers":[null,null,null,null,null,null,null,null,null,null,null,null,null,null,null,null,null,null,null,null,null,null],"items_purchased":["Catalyst","Pantograph"],"campfire_rested":2,"item_purchase_floors":[21,38],"current_hp_per_floor":[59,39,32,32,32,32,54,32,46,51,51,51,40,40,40,15,68,55,31,31,31,6,33,20,47,47,47,13,13,7,7,7,27,74,74,64,64,64,68,68,44,44,44],"gold":221,"neow_bonus":"THREE_ENEMY_KILL","is_prod":false,"is_daily":false,"chose_seed":false,"campfire_upgraded":4,"win_rate":0,"timestamp":1723112469,"path_taken":["M","?","?","?","M","E","?","E","T","M","M","R","E","M","R","BOSS","M","M","?","?","?","R","M","R","T","?","E","?","?","?","R","BOSS","M","?","?","$","M","R","E","?","T"],"build_version":"2022-12-18","purchased_purges":3,"victory":false,"max_hp_per_floor":[66,66,66,66,66,66,66,66,80,85,85,85,85,85,85,85,85,85,85,85,85,90,90,90,90,90,90,90,90,90,90,90,90,90,90,90,90,90,90,90,90,90,90],"relic_stats":{"Lizard Tail":0,"counters":[20,81],"Astrolabe":["Corpse Explosion","Corpse Explosion","Infinite Blades"],"Pantograph":0,"Orichalcum":[180],"Cursed Key":1,"obtain_stats":[{"Potion Belt":13,"NeowsBlessing":0,"Astrolabe":17,"Mango":9,"Thread and Needle":29,"Orichalcum":8,"Cursed Key":34,"Lizard Tail":42,"Pantograph":38,"Red Mask":31,"Toxic Egg 2":41,"Unceasing Top":6,"InkBottle":26,"Ring of the Snake":0},{"Potion Belt":7,"NeowsBlessing":0,"Astrolabe":9,"Mango":4,"Thread and Needle":13,"Orichalcum":4,"Cursed Key":16,"Lizard Tail":20,"Pantograph":17,"Red Mask":15,"Toxic Egg 2":19,"Unceasing Top":3,"InkBottle":12,"Ring of the Snake":0},{"Potion Belt":23,"NeowsBlessing":0,"Astrolabe":42,"Mango":12,"Thread and Needle":59,"Orichalcum":12,"Cursed Key":71,"Lizard Tail":81,"Pantograph":73,"Red Mask":65,"Toxic Egg 2":79,"Unceasing Top":3,"InkBottle":54,"Ring of the Snake":0}],"Unceasing Top":[1],"InkBottle":[15],"Ring of the Snake":[40]},"card_choices":[{"not_picked":["Deflect","Prepared"],"picked":"Backflip","floor":1.0},{"not_picked":["Slice","Cloak And Dagger"],"picked":"Poisoned Stab","floor":5.0},{"not_picked":["Footwork","Underhanded Strike"],"picked":"Dagger Throw","floor":6.0},{"not_picked":["Bane","Underhanded Strike"],"picked":"Eviscerate","floor":8.0},{"not_picked":["Terror","Dodge and Roll"],"picked":"Acrobatics","floor":10.0},{"not_picked":["Infinite Blades","Sucker Punch","Flying Knee"],"picked":"SKIP","floor":11.0},{"not_picked":["Night Terror","Dagger Spray","Poisoned Stab"],"picked":"SKIP","floor":13.0},{"not_picked":["Slice","Expertise","Cloak And Dagger"],"picked":"SKIP","floor":14.0},{"not_picked":["After Image","Tools of the Trade"],"picked":"Adrenaline","floor":16.0},{"not_picked":["Quick Slash","Eviscerate","Noxious Fumes"],"picked":"SKIP","floor":18.0},{"not_picked":["Underhanded Strike","Cloak And Dagger","Dagger Spray"],"picked":"SKIP","floor":19.0},{"not_picked":["Backstab","Tactician+1"],"picked":"Reflex+1","floor":24.0},{"not_picked":["Catalyst","Bouncing Flask+1"],"picked":"Setup+1","floor":28.0},{"not_picked":["Backflip","Infinite Blades"],"picked":"Prepared","floor":30.0},{"not_picked":["Dagger Spray","Quick Slash","Prepared"],"picked":"SKIP","floor":35},{"not_picked":["Secret Weapon","Bandage Up"],"picked":"Finesse","floor":36},{"not_picked":["Magnetism","PanicButton"],"picked":"Bandage Up","floor":36},{"not_picked":["Caltrops+1","Well Laid Plans"],"picked":"Calculated Gamble","floor":39},{"not_picked":["Underhanded Strike","Quick Slash","Accuracy+1"],"picked":"SKIP","floor":41}],"player_experience":795631,"relics_obtained":[{"floor":6.0,"key":"Unceasing Top"},{"floor":8.0,"key":"Orichalcum"},{"floor":9.0,"key":"Mango"},{"floor":13.0,"key":"Potion Belt"},{"floor":26.0,"key":"InkBottle"},{"floor":29.0,"key":"Thread and Needle"},{"floor":31.0,"key":"Red Mask"},{"floor":41,"key":"Toxic Egg 2"},{"floor":42,"key":"Lizard Tail"}],"event_choices":[{"damage_healed":0.0,"max_hp_gain":0.0,"max_hp_loss":0.0,"gold_gain":0.0,"event_name":"Shining Light","player_choice":"Entered Light","floor":2.0,"gold_loss":0.0,"damage_taken":20.0,"cards_upgraded":["Strike_G","Defend_G"]},{"cards_removed":["Strike_G"],"damage_healed":0.0,"max_hp_gain":0.0,"max_hp_loss":0.0,"gold_gain":0.0,"event_name":"Golden Wing","player_choice":"Card Removal","floor":3.0,"gold_loss":0.0,"damage_taken":7.0},{"cards_removed":["Defend_G"],"damage_healed":0.0,"max_hp_gain":0.0,"max_hp_loss":0.0,"gold_gain":0.0,"event_name":"The Cleric","player_choice":"Card Removal","floor":4.0,"gold_loss":75.0,"damage_taken":0.0},{"damage_healed":22.0,"max_hp_gain":0.0,"max_hp_loss":0.0,"gold_gain":0.0,"event_name":"Big Fish","player_choice":"Banana","floor":7.0,"gold_loss":0.0,"damage_taken":0.0},{"damage_healed":0.0,"max_hp_gain":0.0,"max_hp_loss":0.0,"gold_gain":0.0,"event_name":"Lab","player_choice":"Got Potions","floor":20.0,"gold_loss":0.0,"damage_taken":0.0},{"damage_healed":0.0,"max_hp_gain":5.0,"max_hp_loss":0.0,"gold_gain":0.0,"event_name":"Forgotten Altar","player_choice":"Shed Blood","floor":22.0,"gold_loss":0.0,"damage_taken":30.0},{"damage_healed":0.0,"max_hp_gain":0.0,"max_hp_loss":0.0,"gold_gain":0.0,"event_name":"Masked Bandits","player_choice":"Fought Bandits","floor":31.0,"gold_loss":0.0,"damage_taken":0.0},{"damage_healed":0,"gold_gain":0,"player_choice":"Memory 3","damage_taken":10,"max_hp_gain":0,"max_hp_loss":0,"event_name":"SensoryStone","floor":36,"gold_loss":0},{"damage_healed":0,"gold_gain":222,"player_choice":"Wore Mask","damage_taken":0,"max_hp_gain":0,"max_hp_loss":0,"event_name":"Tomb of Lord Red Mask","floor":37,"gold_loss":0},{"damage_healed":0,"gold_gain":0,"player_choice":"Fight","damage_taken":0,"max_hp_gain":0,"max_hp_loss":0,"event_name":"Mysterious Sphere","floor":42,"gold_loss":0}],"is_beta":false,"boss_relics":[{"not_picked":["Runic Dome","Coffee Dripper"],"picked":"Astrolabe"},{"not_picked":["Snecko Eye","Calling Bell"],"picked":"Cursed Key"}],"items_purged_floors":[21,27,38],"is_endless":false,"potions_floor_spawned":[5,8,10,14,16,28,31,33,39,42],"ascension_level":20}