{"gold_per_floor":[368,382,399,417,107,107,149,204,204,272,272,332,332,352,352,352],"floor_reached":16,"playtime":310,"items_purged":["Strike_G"],"score":228,"play_id":"cfc9e8f6-9c27-442f-8630-ececd9db12d2","local_time":"20240807164300","is_ascension_mode":true,"campfire_choices":[{"data":"HandOfGreed","floor":6.0,"key":"SMITH"},{"floor":11,"key":"REST"},{"floor":13,"key":"REST"},{"data":"Blade Dance","floor":15,"key":"SMITH"}],"neow_cost":"PERCENT_DAMAGE","seed_source_timestamp":3776382462700,"circlet_count":0,"master_deck":["AscendersBane","Strike_G","Strike_G","Strike_G","Strike_G","Defend_G","Defend_G+1","Defend_G","Defend_G","Defend_G","Survivor","Neutralize","Masterful Stab","Blade Dance+1","HandOfGreed+1","Blade Dance+1","Backstab","Well Laid Plans"],"special_seed":0,"relics":["Ring of the Snake","Orichalcum","War Paint","Akabeko"],"potions_floor_usage":[8,8,16],"damage_taken":[{"damage":0.0,"enemies":"Cultist","floor":1.0,"turns":4.0},{"damage":4.0,"enemies":"Small Slimes","floor":2.0,"turns":3.0},{"damage":0.0,"enemies":"2 Louse","floor":3.0,"turns":2.0},{"damage":0.0,"enemies":"2 Fungi Beasts","floor":4.0,"turns":2.0},{"damage":0,"enemies":"Blue Slaver","floor":7,"turns":1},{"damage":20,"enemies":"3 Sentries","floor":8,"turns":9},{"damage":2,"enemies":"Gremlin Gang","floor":10,"turns":3},{"damage":23,"enemies":"Lagavulin","floor":12,"turns":5},{"damage":0,"enemies":"3 Louse","floor":14,"turns":2},{"damage":15,"enemies":"Hexaghost","floor":16,"turns":8}],"seed_played":"184780472769464548","potions_obtained":[{"floor":1.0,"key":"Fire Potion"},{"floor":3.0,"key":"ColorlessPotion"},{"floor":7,"key":"FearPotion"},{"floor":10,"key":"Weak Potion"},{"floor":14,"key":"Fire Potion"}],"is_trial":false,"path_per_floor":["M","M","M","M","$","R","M","E","T","M","R","E","R","M","R","B"],"character_chosen":"THE_SILENT","basemod:card_modifiers":[null,null,null,null,null,null,null,null,null,null,null,null,null,null,null,null,null,null],"items_purchased":["HandOfGreed","AttackPotion"],"campfire_rested":2,"item_purchase_floors":[5,5],"current_hp_per_floor":[44,40,40,40,40,40,40,20,20,18,37,14,33,33,33,18],"gold":352,"neow_bonus":"TWO_FIFTY_GOLD","is_prod":false,"is_daily":false,"chose_seed":false,"campfire_upgraded":2,"win_rate":0,"timestamp":1723016580,"path_taken":["M","M","M","M","$","R","M","E","T","M","R","E","R","M","R","BOSS"],"build_version":"2022-12-18","purchased_purges":1,"victory":false,"max_hp_per_floor":[66,66,66,66,66,66,66,66,66,66,66,66,66,66,66,66],"relic_stats":{"counters":[10,39],"Orichalcum":[54],"War Paint":["Blade Dance","Defend_G"],"obtain_stats":[{"Orichalcum":8,"War Paint":9,"Akabeko":12,"Ring of the Snake":0},{"Orichalcum":6,"War Paint":6,"Akabeko":8,"Ring of the Snake":0},{"Orichalcum":21,"War Paint":21,"Akabeko":29,"Ring of the Snake":0}],"Ring of the Snake":[20]},"card_choices":[{"not_picked":["Well Laid Plans","Setup"],"picked":"Masterful Stab","floor":1.0},{"not_picked":["Poisoned Stab","Cloak And Dagger","Expertise"],"picked":"SKIP","floor":2.0},{"not_picked":["Predator","Prepared"],"picked":"Blade Dance","floor":3.0},{"not_picked":["Riddle With Holes","Acrobatics","Poisoned Stab"],"picked":"SKIP","floor":4.0},{"not_picked":["Sucker Punch","Bane","Deadly Poison"],"picked":"SKIP","floor":7},{"not_picked":["Distraction","Accuracy"],"picked":"Blade Dance","floor":8},{"not_picked":["Choke","Deflect"],"picked":"Backstab","floor":10},{"not_picked":["Concentrate","Dagger Throw"],"picked":"Well Laid Plans","floor":12},{"not_picked":["Blade Dance","Bouncing Flask","Deflect"],"picked":"SKIP","floor":14}],"player_experience":789663,"relics_obtained":[{"floor":8,"key":"Orichalcum"},{"floor":9,"key":"War Paint"},{"floor":12,"key":"Akabeko"}],"event_choices":[],"is_beta":false,"boss_relics":[],"items_purged_floors":[5],"is_endless":false,"potions_floor_spawned":[1,3,7,10,14],"killed_by":"Hexaghost","ascension_level":20}