{"gold_per_floor":[118,134,153,169,181,211,211,211,211,136,148,165,197,208,208,280,280,256,256,273,292,161,161,176,176,225,225,240,240],"floor_reached":29,"playtime":1359,"items_purged":["Strike_G+1"],"score":482,"play_id":"494ea5ac-4f13-4b86-8a49-e8f63707642d","local_time":"20240807160230","is_ascension_mode":true,"campfire_choices":[{"floor":8.0,"key":"REST"},{"data":"Catalyst","floor":15.0,"key":"SMITH"},{"floor":23.0,"key":"REST"},{"floor":25,"key":"REST"}],"neow_cost":"NONE","seed_source_timestamp":288006061400,"circlet_count":0,"master_deck":["AscendersBane","Strike_G+1","Strike_G+1","Strike_G+1","Defend_G+1","Defend_G+1","Defend_G+1","Defend_G+1","Defend_G+1","Survivor","Neutralize","Dramatic Entrance","Escape Plan","Terror+1","Bouncing Flask","Slice","Dagger Throw","Backflip","Catalyst+1","Catalyst","Burst","Backstab","Acrobatics+1","Deflect","Setup+1"],"special_seed":0,"relics":["Ring of the Snake","War Paint","Pear","Lantern","HoveringKite","Smiling Mask"],"potions_floor_usage":[27],"damage_taken":[{"damage":8.0,"enemies":"Jaw Worm","floor":1.0,"turns":7.0},{"damage":3.0,"enemies":"2 Louse","floor":2.0,"turns":3.0},{"damage":0.0,"enemies":"Cultist","floor":3.0,"turns":4.0},{"damage":14.0,"enemies":"Large Slime","floor":4.0,"turns":9.0},{"damage":0.0,"enemies":"Lots of Slimes","floor":5.0,"turns":3.0},{"damage":31.0,"enemies":"3 Sentries","floor":6.0,"turns":10.0},{"damage":0.0,"enemies":"Blue Slaver","floor":11.0,"turns":4.0},{"damage":0.0,"enemies":"Looter","floor":12.0,"turns":2.0},{"damage":10.0,"enemies":"Lagavulin","floor":13.0,"turns":5.0},{"damage":7.0,"enemies":"Exordium Wildlife","floor":14.0,"turns":4.0},{"damage":7.0,"enemies":"Hexaghost","floor":16.0,"turns":6.0},{"damage":9.0,"enemies":"2 Thieves","floor":18.0,"turns":4.0},{"damage":22.0,"enemies":"3 Byrds","floor":20.0,"turns":3.0},{"damage":6.0,"enemies":"Snake Plant","floor":21.0,"turns":5.0},{"damage":43,"enemies":"3 Cultists","floor":24,"turns":7},{"damage":13,"enemies":"Colosseum Slavers","floor":27,"turns":4},{"damage":2,"enemies":"Centurion and Healer","floor":28,"turns":13},{"damage":0,"enemies":"Chosen and Byrds","floor":29,"turns":3}],"seed_played":"-5339479537966895771","potions_obtained":[{"floor":1.0,"key":"Ancient Potion"},{"floor":2.0,"key":"Energy Potion"},{"floor":3.0,"key":"EssenceOfSteel"},{"floor":5.0,"key":"CultistPotion"},{"floor":13.0,"key":"LiquidBronze"},{"floor":16.0,"key":"GamblersBrew"},{"floor":20.0,"key":"LiquidBronze"},{"floor":21.0,"key":"GamblersBrew"},{"floor":24,"key":"SkillPotion"}],"is_trial":false,"path_per_floor":["M","M","M","M","M","E","?","R","T","?","M","M","E","M","R","B",null,"M","?","M","M","$","R","M","R","T","?","M","M"],"character_chosen":"THE_SILENT","basemod:card_modifiers":[null,null,null,null,null,null,null,null,null,null,null,null,null,null,null,null,null,null,null,null,null,null,null,null,null],"items_purchased":["Deflect"],"campfire_rested":3,"item_purchase_floors":[22],"current_hp_per_floor":[51,48,48,34,34,3,3,22,32,32,32,32,22,15,15,8,59,50,50,28,22,22,44,1,23,23,10,8,8],"gold":240,"neow_bonus":"RANDOM_COLORLESS","is_prod":false,"is_daily":false,"chose_seed":false,"campfire_upgraded":1,"win_rate":0,"timestamp":1723014150,"path_taken":["M","M","M","M","M","E","?","R","T","?","M","M","E","M","R","BOSS","M","?","M","M","$","R","M","R","T","?","M","M"],"build_version":"2022-12-18","purchased_purges":1,"victory":false,"max_hp_per_floor":[66,66,66,66,66,66,66,66,76,76,76,76,76,76,76,76,76,76,76,76,76,76,76,76,76,76,76,76,76],"relic_stats":{"counters":[18,96],"HoveringKite":[17],"War Paint":["Defend_G","Terror"],"Smiling Mask":0,"obtain_stats":[{"Lantern":13,"Pear":9,"HoveringKite":17,"War Paint":6,"Smiling Mask":26,"Ring of the Snake":0},{"Lantern":9,"Pear":6,"HoveringKite":11,"War Paint":6,"Smiling Mask":15,"Ring of the Snake":0},{"Lantern":47,"Pear":36,"HoveringKite":57,"War Paint":36,"Smiling Mask":76,"Ring of the Snake":0}],"Ring of the Snake":[36]},"card_choices":[{"not_picked":["Jack Of All Trades","Swift Strike"],"picked":"Dramatic Entrance","floor":0.0},{"not_picked":["Poisoned Stab","Dagger Spray"],"picked":"Escape Plan","floor":1.0},{"not_picked":["Cloak And Dagger","Outmaneuver","Deflect"],"picked":"SKIP","floor":2.0},{"not_picked":["Wraith Form v2","Masterful Stab"],"picked":"Terror","floor":3.0},{"not_picked":["Flechettes","Acrobatics"],"picked":"Bouncing Flask","floor":4.0},{"not_picked":["Prepared","Setup"],"picked":"Slice","floor":5.0},{"not_picked":["Footwork","Flechettes"],"picked":"Dagger Throw","floor":6.0},{"not_picked":["Deadly Poison","Distraction","Prepared"],"picked":"SKIP","floor":11.0},{"not_picked":["Acrobatics","PiercingWail"],"picked":"Backflip","floor":12.0},{"not_picked":["Expertise","Wraith Form v2"],"picked":"Catalyst","floor":13.0},{"not_picked":["Cloak And Dagger","Skewer"],"picked":"Catalyst","floor":14.0},{"not_picked":["Die Die Die","Envenom"],"picked":"Burst","floor":16.0},{"not_picked":["All Out Attack","Prepared"],"picked":"Backstab","floor":18.0},{"not_picked":["Dagger Spray+1","Quick Slash+1","Choke"],"picked":"SKIP","floor":20.0},{"not_picked":["Underhanded Strike","Deflect+1"],"picked":"Acrobatics+1","floor":21.0},{"not_picked":["Accuracy+1","Caltrops"],"picked":"Setup+1","floor":24},{"not_picked":["All Out Attack","Dodge and Roll","Bouncing Flask"],"picked":"SKIP","floor":28}],"player_experience":786292,"relics_obtained":[{"floor":6.0,"key":"War Paint"},{"floor":9.0,"key":"Pear"},{"floor":13.0,"key":"Lantern"},{"floor":26,"key":"Smiling Mask"}],"event_choices":[{"damage_healed":0.0,"max_hp_gain":0.0,"max_hp_loss":0.0,"gold_gain":0.0,"event_name":"Scrap Ooze","player_choice":"Fled","floor":7.0,"gold_loss":0.0,"damage_taken":0.0},{"cards_removed":["Strike_G"],"damage_healed":0.0,"max_hp_gain":0.0,"max_hp_loss":0.0,"gold_gain":0.0,"event_name":"The Cleric","player_choice":"Card Removal","floor":10.0,"gold_loss":75.0,"damage_taken":0.0},{"damage_healed":0.0,"max_hp_gain":0.0,"max_hp_loss":0.0,"gold_gain":0.0,"event_name":"Back to Basics","player_choice":"Simplicity","floor":19.0,"gold_loss":0.0,"damage_taken":0.0,"cards_upgraded":["Strike_G","Strike_G","Strike_G","Strike_G","Defend_G","Defend_G","Defend_G","Defend_G"]},{"damage_healed":0,"gold_gain":0,"player_choice":"Fight","damage_taken":0,"max_hp_gain":0,"max_hp_loss":0,"event_name":"Colosseum","floor":27,"gold_loss":0},{"damage_healed":0,"gold_gain":0,"player_choice":"Fled From Nobs","damage_taken":0,"max_hp_gain":0,"max_hp_loss":0,"event_name":"Colosseum","floor":27,"gold_loss":0}],"is_beta":false,"boss_relics":[{"not_picked":["Coffee Dripper","SacredBark"],"picked":"HoveringKite"}],"items_purged_floors":[22],"is_endless":false,"potions_floor_spawned":[1,2,3,5,13,16,20,21,24],"killed_by":"Chosen and Byrds","ascension_level":20}