{"gold_per_floor":[11,21,38,38,38,56,90,90,164,164,181,206,226,246,246,323,323,341,341,358,15,27,27,54,74,125,125,125,125,138,164,164,164],"floor_reached":33,"playtime":882,"items_purged":["Strike_G"],"score":698,"play_id":"b3dac32c-8fab-4aae-8ec8-4b338cfb1785","local_time":"20240807161817","is_ascension_mode":true,"campfire_choices":[{"floor":10.0,"key":"REST"},{"data":"Blade Dance","floor":15.0,"key":"SMITH"},{"floor":23,"key":"REST"},{"floor":28,"key":"REST"},{"data":"Flechettes","floor":32,"key":"SMITH"}],"neow_cost":"NO_GOLD","seed_source_timestamp":1715728833200,"circlet_count":0,"master_deck":["AscendersBane","Strike_G","Strike_G","Strike_G+1","Defend_G","Defend_G+1","Defend_G","Defend_G","Defend_G","Survivor","Neutralize","Backflip","Backstab","Blade Dance+1","Blade Dance+1","Well Laid Plans","All Out Attack","Wraith Form v2","Flechettes+1","Calculated Gamble","Prepared","Footwork","Decay"],"special_seed":0,"relics":["Ring of the Snake","Bird Faced Urn","Du-Vu Doll","Singing Bowl","Bag of Marbles","Runic Pyramid","Membership Card","Mummified Hand","Lizard Tail","MealTicket","Toxic Egg 2"],"potions_floor_usage":[24,33,33],"damage_taken":[{"damage":1.0,"enemies":"2 Louse","floor":1.0,"turns":3.0},{"damage":1.0,"enemies":"Small Slimes","floor":2.0,"turns":5.0},{"damage":0.0,"enemies":"Cultist","floor":3.0,"turns":4.0},{"damage":0.0,"enemies":"Exordium Wildlife","floor":6.0,"turns":3.0},{"damage":29.0,"enemies":"3 Sentries","floor":7.0,"turns":13.0},{"damage":0.0,"enemies":"Large Slime","floor":11.0,"turns":5.0},{"damage":15.0,"enemies":"Lagavulin","floor":12.0,"turns":5.0},{"damage":0.0,"enemies":"3 Louse","floor":13.0,"turns":2.0},{"damage":0.0,"enemies":"Blue Slaver","floor":14.0,"turns":3.0},{"damage":0.0,"enemies":"Slime Boss","floor":16.0,"turns":5.0},{"damage":19,"enemies":"Shell Parasite","floor":18,"turns":4},{"damage":0,"enemies":"Chosen","floor":20,"turns":2},{"damage":24,"enemies":"Snake Plant","floor":22,"turns":4},{"damage":33,"enemies":"Book of Stabbing","floor":24,"turns":6},{"damage":5,"enemies":"Snecko","floor":25,"turns":5},{"damage":5,"enemies":"Shelled Parasite and Fungi","floor":30,"turns":4},{"damage":3,"enemies":"Gremlin Leader","floor":31,"turns":5},{"damage":41,"enemies":"Collector","floor":33,"turns":8}],"seed_played":"-1518546405999557272","potions_obtained":[{"floor":6.0,"key":"Energy Potion"},{"floor":7.0,"key":"GhostInAJar"},{"floor":11.0,"key":"GamblersBrew"},{"floor":12.0,"key":"DistilledChaos"},{"floor":14.0,"key":"Fire Potion"},{"floor":20,"key":"Ancient Potion"},{"floor":31,"key":"FearPotion"}],"is_trial":false,"path_per_floor":["M","M","M","?","?","M","E","?","T","R","M","E","M","M","R","B",null,"M","?","M","$","M","R","E","M","T","?","R","?","M","E","R","B"],"character_chosen":"THE_SILENT","basemod:card_modifiers":[null,null,null,null,null,null,null,null,null,null,null,null,null,null,null,null,null,null,null,null,null,null,null],"items_purchased":["Membership Card","Mummified Hand"],"campfire_rested":3,"item_purchase_floors":[21,21],"current_hp_per_floor":[58,57,57,37,59,59,30,30,30,49,49,34,36,38,38,40,61,44,44,44,44,20,41,8,5,5,5,26,26,29,32,32,37],"gold":164,"neow_bonus":"ONE_RARE_RELIC","is_prod":false,"is_daily":false,"chose_seed":false,"campfire_upgraded":2,"win_rate":0,"timestamp":1723015097,"path_taken":["M","M","M","?","?","M","E","?","T","R","M","E","M","M","R","BOSS","M","?","M","$","M","R","E","M","T","?","R","?","M","E","R","BOSS"],"build_version":"2022-12-18","purchased_purges":1,"victory":false,"max_hp_per_floor":[66,66,66,66,66,66,66,66,66,66,66,66,68,68,68,68,68,70,70,70,70,70,70,70,70,70,70,70,70,72,74,74,74],"relic_stats":{"Lizard Tail":37,"Singing Bowl":8,"counters":[18,86],"Mummified Hand":[11],"Bird Faced Urn":[22],"MealTicket":0,"Membership Card":177,"obtain_stats":[{"Du-Vu Doll":7,"Lizard Tail":24,"Singing Bowl":9,"Mummified Hand":21,"Bird Faced Urn":0,"MealTicket":26,"Bag of Marbles":12,"Membership Card":21,"Toxic Egg 2":31,"Ring of the Snake":0,"Runic Pyramid":17},{"Du-Vu Doll":5,"Lizard Tail":14,"Singing Bowl":5,"Mummified Hand":12,"Bird Faced Urn":0,"MealTicket":15,"Bag of Marbles":7,"Membership Card":12,"Toxic Egg 2":17,"Ring of the Snake":0,"Runic Pyramid":10},{"Du-Vu Doll":28,"Lizard Tail":64,"Singing Bowl":28,"Mummified Hand":54,"Bird Faced Urn":0,"MealTicket":69,"Bag of Marbles":38,"Membership Card":54,"Toxic Egg 2":78,"Ring of the Snake":0,"Runic Pyramid":48}],"Ring of the Snake":[36]},"card_choices":[{"not_picked":["Sucker Punch","Dodge and Roll"],"picked":"Backflip","floor":1.0},{"not_picked":["Cloak And Dagger","Infinite Blades","Catalyst"],"picked":"SKIP","floor":2.0},{"not_picked":["Heel Hook","Escape Plan"],"picked":"Backstab","floor":3.0},{"not_picked":["Reflex","Dodge and Roll","Blur"],"picked":"SKIP","floor":6.0},{"not_picked":["Slice","Prepared"],"picked":"Blade Dance","floor":7.0},{"not_picked":["Backflip","Tools of the Trade"],"picked":"Blade Dance","floor":11.0},{"not_picked":["Deadly Poison","Underhanded Strike"],"picked":"Well Laid Plans","floor":12.0},{"not_picked":["Poisoned Stab","Deadly Poison","Dagger Spray"],"picked":"Singing Bowl","floor":13.0},{"not_picked":["Blade Dance","Sucker Punch"],"picked":"All Out Attack","floor":14.0},{"not_picked":["Storm of Steel","Glass Knife"],"picked":"Wraith Form v2","floor":16.0},{"not_picked":["Catalyst","Underhanded Strike","Backflip"],"picked":"Singing Bowl","floor":18},{"not_picked":["Quick Slash","Sucker Punch"],"picked":"Flechettes","floor":20},{"not_picked":["Caltrops","Dagger Spray"],"picked":"Calculated Gamble","floor":22},{"not_picked":["Deflect","Outmaneuver"],"picked":"Prepared","floor":24},{"not_picked":["Sucker Punch","Flying Knee"],"picked":"Footwork","floor":25},{"not_picked":["Blade Dance","Slice","Eviscerate"],"picked":"Singing Bowl","floor":30},{"not_picked":["Dagger Throw","Poisoned Stab","Underhanded Strike"],"picked":"Singing Bowl","floor":31}],"player_experience":787651,"relics_obtained":[{"floor":7.0,"key":"Du-Vu Doll"},{"floor":9.0,"key":"Singing Bowl"},{"floor":12.0,"key":"Bag of Marbles"},{"floor":24,"key":"Lizard Tail"},{"floor":26,"key":"MealTicket"},{"floor":31,"key":"Toxic Egg 2"}],"event_choices":[{"damage_healed":0.0,"max_hp_gain":0.0,"max_hp_loss":0.0,"gold_gain":0.0,"event_name":"Shining Light","player_choice":"Entered Light","floor":4.0,"gold_loss":0.0,"damage_taken":20.0,"cards_upgraded":["Defend_G","Strike_G"]},{"damage_healed":22.0,"max_hp_gain":0.0,"max_hp_loss":0.0,"gold_gain":0.0,"event_name":"Big Fish","player_choice":"Banana","floor":5.0,"gold_loss":0.0,"damage_taken":0.0},{"damage_healed":0.0,"max_hp_gain":0.0,"max_hp_loss":0.0,"gold_gain":0.0,"event_name":"Upgrade Shrine","player_choice":"Upgraded","floor":8.0,"gold_loss":0.0,"damage_taken":0.0,"cards_upgraded":["Blade Dance"]},{"damage_healed":0,"gold_gain":0,"player_choice":"Ignored","damage_taken":0,"max_hp_gain":0,"max_hp_loss":0,"event_name":"Vampires","floor":19,"gold_loss":0},{"cards_removed":["Strike_G"],"damage_healed":0,"gold_gain":0,"player_choice":"Elegance","damage_taken":0,"max_hp_gain":0,"max_hp_loss":0,"event_name":"Back to Basics","floor":27,"gold_loss":0},{"damage_healed":0,"gold_gain":0,"player_choice":"Smashed Altar","damage_taken":0,"max_hp_gain":0,"max_hp_loss":0,"event_name":"Forgotten Altar","floor":29,"gold_loss":0,"cards_obtained":["Decay"]}],"is_beta":false,"boss_relics":[{"not_picked":["Coffee Dripper","Snecko Eye"],"picked":"Runic Pyramid"}],"items_purged_floors":[21],"is_endless":false,"potions_floor_spawned":[6,7,11,12,14,20,22,31],"killed_by":"Collector","ascension_level":20}