{"gold_per_floor":[363,377,52,52,52,83,83,114,114,134,134,153,171,87,87,183,183,199,218,239,275,275,275,310,156,234,270,395,435,451,470,470,565,565,580,644,659,362,377,420,436,767,767,767,811,852,852,887,887,887,887,887,887,76,110,110],"floor_reached":57,"playtime":5791,"items_purged":["Strike_G","Defend_G","Defend_G","Noxious Fumes"],"score":3561,"play_id":"ea8bb65e-6644-40e8-ba3c-05094abd5af8","local_time":"20240808210030","is_ascension_mode":true,"campfire_choices":[{"floor":11.0,"key":"REST"},{"data":"Apotheosis","floor":15.0,"key":"SMITH"},{"floor":23.0,"key":"REST"},{"floor":32.0,"key":"RECALL"},{"data":"Footwork","floor":44,"key":"SMITH"},{"data":"Reflex","floor":49,"key":"SMITH"},{"data":"Well Laid Plans","floor":53,"key":"SMITH"}],"neow_cost":"CURSE","seed_source_timestamp":28395575685400,"circlet_count":0,"master_deck":["AscendersBane","Defend_G","Defend_G","Neutralize","Clumsy","Blade Dance+1","Apotheosis+1","Dagger Throw","Deflect","Acrobatics","Well Laid Plans+1","Tactician+1","Grand Finale","Calculated Gamble","Acrobatics","Reflex+1","Bullet Time","Escape Plan","Backflip+1","Prepared+1","Malaise+1","Calculated Gamble+1","Footwork+1"],"special_seed":0,"relics":["Ring of the Snake","Golden Idol","TungstenRod","MealTicket","Sundial","Empty Cage","Red Mask","Eternal Feather","Bottled Lightning","Toxic Egg 2","WingedGreaves","White Beast Statue","Ninja Scroll","Black Star","Unceasing Top","Bronze Scales","War Paint","Happy Flower","Frozen Egg 2","Old Coin","CeramicFish","StrikeDummy","Vajra","Akabeko","Meat on the Bone","Singing Bowl","Bag of Preparation","ClockworkSouvenir","Incense Burner","Toy Ornithopter","Mummified Hand"],"potions_floor_usage":[56,56],"damage_taken":[{"damage":0.0,"enemies":"Jaw Worm","floor":1.0,"turns":6.0},{"damage":4.0,"enemies":"Small Slimes","floor":2.0,"turns":3.0},{"damage":47.0,"enemies":"Gremlin Nob","floor":6.0,"turns":5.0},{"damage":0.0,"enemies":"Lagavulin","floor":8.0,"turns":7.0},{"damage":0.0,"enemies":"2 Louse","floor":10.0,"turns":4.0},{"damage":0.0,"enemies":"Exordium Wildlife","floor":12.0,"turns":5.0},{"damage":5.0,"enemies":"Red Slaver","floor":13.0,"turns":4.0},{"damage":6.0,"enemies":"Hexaghost","floor":16.0,"turns":9.0},{"damage":22.0,"enemies":"Chosen","floor":18.0,"turns":4.0},{"damage":9.0,"enemies":"Spheric Guardian","floor":19.0,"turns":4.0},{"damage":0.0,"enemies":"Centurion and Healer","floor":20.0,"turns":5.0},{"damage":0.0,"enemies":"Masked Bandits","floor":21.0,"turns":2.0},{"damage":14.0,"enemies":"Slavers","floor":24.0,"turns":3.0},{"damage":0.0,"enemies":"Gremlin Leader","floor":27.0,"turns":2.0},{"damage":0.0,"enemies":"Colosseum Slavers","floor":28.0,"turns":1.0},{"damage":0.0,"enemies":"Colosseum Nobs","floor":28.0,"turns":2.0},{"damage":2.0,"enemies":"Slavers","floor":29.0,"turns":3.0},{"damage":5.0,"enemies":"Snake Plant","floor":30.0,"turns":3.0},{"damage":2.0,"enemies":"Shelled Parasite and Fungi","floor":31.0,"turns":2.0},{"damage":0.0,"enemies":"Champ","floor":33.0,"turns":2.0},{"damage":7.0,"enemies":"3 Shapes","floor":35.0,"turns":2.0},{"damage":2.0,"enemies":"2 Orb Walkers","floor":36.0,"turns":3.0},{"damage":0.0,"enemies":"Orb Walker","floor":37.0,"turns":1.0},{"damage":0.0,"enemies":"Spire Growth","floor":39.0,"turns":2.0},{"damage":0.0,"enemies":"Nemesis","floor":40.0,"turns":3.0},{"damage":0.0,"enemies":"Writhing Mass","floor":41.0,"turns":3.0},{"damage":0,"enemies":"Reptomancer","floor":42,"turns":3},{"damage":0,"enemies":"Nemesis","floor":45,"turns":3},{"damage":0,"enemies":"Reptomancer","floor":46,"turns":2},{"damage":0,"enemies":"Nemesis","floor":48,"turns":5},{"damage":2,"enemies":"Awakened One","floor":50,"turns":5},{"damage":0,"enemies":"Donu and Deca","floor":51,"turns":2},{"damage":0,"enemies":"Shield and Spear","floor":55,"turns":1},{"damage":4,"enemies":"The Heart","floor":56,"turns":5}],"seed_played":"6160197558505939092","potions_obtained":[{"floor":6.0,"key":"Dexterity Potion"},{"floor":8.0,"key":"Block Potion"},{"floor":10.0,"key":"AttackPotion"},{"floor":12.0,"key":"DuplicationPotion"},{"floor":16.0,"key":"BlessingOfTheForge"},{"floor":18.0,"key":"Ancient Potion"},{"floor":24.0,"key":"BlessingOfTheForge"},{"floor":27.0,"key":"Swift Potion"},{"floor":29.0,"key":"SpeedPotion"}],"is_trial":false,"path_per_floor":["M","M","$","?","?","E","?","E","T","M","R","M","M","$","R","B",null,"M","M","M","?","?","R","E","$","T","E","?","E","M","M","R","B",null,"M","?","M","$","M","E","M","E","T","R","E","E","?","E","R","B","B",null,"R","$","E","B",null],"character_chosen":"THE_SILENT","basemod:card_modifiers":[null,null,null,null,null,null,null,null,null,null,null,null,null,null,null,null,null,null,null,null,null,null,null],"items_purchased":["Apotheosis","Dagger Throw","Tactician","Swift Potion","Bronze Scales","Bag of Preparation","ClockworkSouvenir","Incense Burner"],"campfire_rested":2,"item_purchase_floors":[3,3,14,25,38,54,54,54],"current_hp_per_floor":[59,55,55,55,55,8,8,8,8,8,26,26,21,36,36,30,53,31,22,22,22,22,40,26,41,41,41,41,39,34,32,44,44,56,49,47,47,60,60,60,60,60,60,60,60,60,60,62,62,60,60,62,62,62,64,60],"gold":110,"neow_bonus":"TWO_FIFTY_GOLD","is_prod":false,"is_daily":false,"chose_seed":false,"campfire_upgraded":4,"win_rate":0,"timestamp":1723118430,"path_taken":["M","M","$","?","?","E","?","E","T","M","R","?","M","?","R","BOSS","M","M","M","?","?","R","E","$","T","E","?","E","M","M","R","BOSS","M","?","M","$","M","E","M","E","T","R","E","E","?","E","R","BOSS","BOSS","R","$","E","BOSS"],"build_version":"2022-12-18","purchased_purges":4,"victory":true,"max_hp_per_floor":[66,66,66,60,60,60,60,60,60,60,60,60,60,60,60,60,60,60,60,60,60,60,60,60,60,60,60,60,60,60,60,60,60,60,60,60,60,60,60,60,60,60,60,60,60,60,60,62,62,62,62,62,62,62,64,64],"relic_stats":{"Happy Flower":[9],"Singing Bowl":4,"counters":[34,116],"Golden Idol":262,"CeramicFish":0,"Eternal Feather":12,"Bag of Preparation":[0],"War Paint":["Tactician","Blade Dance"],"White Beast Statue":[0.0,0.0,0.0,0.4,0.0,0.6000000000000001,0.0,0.0,0.0,0.0,0.0,6.0680870912000024],"Sundial":[130],"Mummified Hand":[2],"Bronze Scales":[128],"MealTicket":43,"WingedGreaves":3,"Black Star":6,"Bottled Lightning":"Apotheosis","obtain_stats":[{"Singing Bowl":48,"CeramicFish":45,"Vajra":46,"Bag of Preparation":54,"Incense Burner":54,"Empty Cage":17,"Old Coin":42,"ClockworkSouvenir":54,"Sundial":9,"Ninja Scroll":29,"Mummified Hand":55,"MealTicket":8,"WingedGreaves":28,"Red Mask":21,"Toxic Egg 2":27,"Ring of the Snake":0,"Happy Flower":40,"Golden Idol":4,"Eternal Feather":24,"War Paint":40,"Frozen Egg 2":42,"White Beast Statue":28,"Akabeko":46,"Bronze Scales":38,"Black Star":34,"Bottled Lightning":26,"StrikeDummy":45,"TungstenRod":6,"Unceasing Top":36,"Toy Ornithopter":55,"Meat on the Bone":48},{"Singing Bowl":30,"CeramicFish":28,"Vajra":29,"Bag of Preparation":32,"Incense Burner":32,"Empty Cage":8,"Old Coin":27,"ClockworkSouvenir":32,"Sundial":4,"Ninja Scroll":17,"Mummified Hand":33,"MealTicket":4,"WingedGreaves":16,"Red Mask":12,"Toxic Egg 2":14,"Ring of the Snake":0,"Happy Flower":25,"Golden Idol":2,"Eternal Feather":13,"War Paint":25,"Frozen Egg 2":27,"White Beast Statue":16,"Akabeko":29,"Bronze Scales":23,"Black Star":20,"Bottled Lightning":13,"StrikeDummy":28,"TungstenRod":3,"Unceasing Top":22,"Toy Ornithopter":33,"Meat on the Bone":30},{"Singing Bowl":103,"CeramicFish":96,"Vajra":98,"Bag of Preparation":110,"Incense Burner":110,"Empty Cage":43,"Old Coin":93,"ClockworkSouvenir":110,"Sundial":21,"Ninja Scroll":69,"Mummified Hand":111,"MealTicket":21,"WingedGreaves":66,"Red Mask":58,"Toxic Egg 2":63,"Ring of the Snake":0,"Happy Flower":87,"Golden Idol":9,"Eternal Feather":61,"War Paint":87,"Frozen Egg 2":93,"White Beast Statue":66,"Akabeko":98,"Bronze Scales":82,"Black Star":76,"Bottled Lightning":61,"StrikeDummy":96,"TungstenRod":14,"Unceasing Top":81,"Toy Ornithopter":111,"Meat on the Bone":103}],"TungstenRod":28,"Unceasing Top":[0],"Toy Ornithopter":0,"Ring of the Snake":[68],"Meat on the Bone":0},"card_choices":[{"not_picked":["Flying Knee","PiercingWail"],"picked":"Blade Dance","floor":1.0},{"not_picked":["Slice","Dagger Spray","Outmaneuver"],"picked":"SKIP","floor":2.0},{"not_picked":["Slice","Dagger Spray","Outmaneuver"],"picked":"SKIP","floor":2.0},{"not_picked":["Leg Sweep","Concentrate"],"picked":"Deflect","floor":6.0},{"not_picked":["Prepared","Slice"],"picked":"Acrobatics","floor":8.0},{"not_picked":["Choke","Skewer","Riddle With Holes"],"picked":"SKIP","floor":10.0},{"not_picked":["Acrobatics","Poisoned Stab"],"picked":"Noxious Fumes","floor":12.0},{"not_picked":["Sucker Punch","Quick Slash"],"picked":"Well Laid Plans","floor":13.0},{"not_picked":["Bullet Time","Doppelganger"],"picked":"Grand Finale","floor":16.0},{"not_picked":["Underhanded Strike","Caltrops"],"picked":"Calculated Gamble","floor":18.0},{"not_picked":["Blade Dance","Flying Knee"],"picked":"Acrobatics","floor":19.0},{"not_picked":["All Out Attack","Flying Knee","Deadly Poison"],"picked":"SKIP","floor":20.0},{"not_picked":["Dagger Throw+1","Endless Agony"],"picked":"Escape Plan","floor":24.0},{"not_picked":["Bullet Time+1","Blade Dance+1","Dagger Throw"],"picked":"SKIP","floor":27.0},{"not_picked":["Masterful Stab","Flying Knee"],"picked":"Backflip+1","floor":28.0},{"not_picked":["PiercingWail+1","Dagger Spray"],"picked":"Prepared+1","floor":29.0},{"not_picked":["Dash","Outmaneuver+1","Catalyst+1"],"picked":"SKIP","floor":30.0},{"not_picked":["Backstab+1","Dodge and Roll+1","Acrobatics+1"],"picked":"SKIP","floor":31.0},{"not_picked":["Phantasmal Killer+1","Night Terror+1"],"picked":"Malaise+1","floor":33.0},{"not_picked":["All Out Attack","Catalyst+1"],"picked":"Calculated Gamble+1","floor":35.0},{"not_picked":["Quick Slash+1","Caltrops"],"picked":"Footwork","floor":36.0},{"not_picked":["Dagger Throw","Terror+1","Poisoned Stab"],"picked":"SKIP","floor":37.0},{"not_picked":["Sucker Punch+1","Dodge and Roll+1","Calculated Gamble+1"],"picked":"SKIP","floor":39.0},{"not_picked":["Blade Dance+1","Dagger Throw","Dagger Spray"],"picked":"SKIP","floor":40.0},{"not_picked":["Accuracy+1","Choke","Predator"],"picked":"SKIP","floor":41.0},{"not_picked":["Poisoned Stab+1","Night Terror+1","Heel Hook"],"picked":"SKIP","floor":42},{"not_picked":["Underhanded Strike","Sucker Punch+1","Heel Hook"],"picked":"SKIP","floor":45},{"not_picked":["Endless Agony+1","Crippling Poison+1","Blur+1"],"picked":"SKIP","floor":46},{"not_picked":["Predator","Choke","Finisher"],"picked":"Singing Bowl","floor":48},{"not_picked":["Poisoned Stab","PiercingWail+1","Prepared+1"],"picked":"Singing Bowl","floor":55}],"player_experience":796701,"relics_obtained":[{"floor":6.0,"key":"TungstenRod"},{"floor":8.0,"key":"MealTicket"},{"floor":9.0,"key":"Sundial"},{"floor":21.0,"key":"Red Mask"},{"floor":24.0,"key":"Eternal Feather"},{"floor":26.0,"key":"Bottled Lightning"},{"floor":27.0,"key":"Toxic Egg 2"},{"floor":28.0,"key":"WingedGreaves"},{"floor":28.0,"key":"White Beast Statue"},{"floor":29.0,"key":"Ninja Scroll"},{"floor":36.0,"key":"Unceasing Top"},{"floor":40.0,"key":"War Paint"},{"floor":40.0,"key":"Happy Flower"},{"floor":42,"key":"Frozen Egg 2"},{"floor":42,"key":"Old Coin"},{"floor":45,"key":"CeramicFish"},{"floor":45,"key":"StrikeDummy"},{"floor":46,"key":"Vajra"},{"floor":46,"key":"Akabeko"},{"floor":48,"key":"Meat on the Bone"},{"floor":48,"key":"Singing Bowl"},{"floor":55,"key":"Toy Ornithopter"},{"floor":55,"key":"Mummified Hand"}],"event_choices":[{"damage_healed":0.0,"max_hp_gain":0.0,"max_hp_loss":6.0,"gold_gain":0.0,"event_name":"Golden Idol","player_choice":"Lose Max HP","floor":4.0,"gold_loss":0.0,"damage_taken":0.0,"relics_obtained":["Golden Idol"]},{"cards_removed":["Defend_G"],"damage_healed":0.0,"max_hp_gain":0.0,"max_hp_loss":0.0,"gold_gain":0.0,"event_name":"Living Wall","player_choice":"Forget","floor":5.0,"gold_loss":0.0,"damage_taken":0.0},{"damage_healed":0.0,"max_hp_gain":0.0,"max_hp_loss":0.0,"gold_gain":0.0,"event_name":"Golden Wing","player_choice":"Ignored","floor":7.0,"gold_loss":0.0,"damage_taken":0.0},{"damage_healed":0.0,"max_hp_gain":0.0,"max_hp_loss":0.0,"gold_gain":0.0,"event_name":"Masked Bandits","player_choice":"Fought Bandits","floor":21.0,"gold_loss":0.0,"damage_taken":0.0},{"damage_healed":0.0,"max_hp_gain":0.0,"max_hp_loss":0.0,"gold_gain":0.0,"cards_transformed":["Strike_G","Strike_G"],"event_name":"Drug Dealer","player_choice":"Became Test Subject","floor":22.0,"gold_loss":0.0,"damage_taken":0.0,"cards_obtained":["Reflex","Bullet Time"]},{"damage_healed":0.0,"max_hp_gain":0.0,"max_hp_loss":0.0,"gold_gain":0.0,"event_name":"Colosseum","player_choice":"Fight","floor":28.0,"gold_loss":0.0,"damage_taken":0.0},{"damage_healed":0.0,"max_hp_gain":0.0,"max_hp_loss":0.0,"gold_gain":0.0,"event_name":"Colosseum","player_choice":"Fought Nobs","floor":28.0,"gold_loss":0.0,"damage_taken":0.0},{"damage_healed":0.0,"max_hp_gain":0.0,"max_hp_loss":0.0,"gold_gain":0.0,"event_name":"Mysterious Sphere","player_choice":"Fight","floor":36.0,"gold_loss":0.0,"damage_taken":0.0},{"cards_removed":["Survivor"],"damage_healed":0,"gold_gain":0,"player_choice":"Removed Skill","damage_taken":0,"max_hp_gain":0,"max_hp_loss":0,"event_name":"Falling","floor":47,"gold_loss":0}],"is_beta":false,"boss_relics":[{"not_picked":["Coffee Dripper","HoveringKite"],"picked":"Empty Cage"},{"not_picked":["Calling Bell","Busted Crown"],"picked":"Black Star"}],"items_purged_floors":[3,25,38,54],"is_endless":false,"potions_floor_spawned":[6,8,10,12,16,18,19,24,27,28,29,30,31,33,35,36,37,39,40,41,42,45,46,48,55],"ascension_level":20}