{"gold_per_floor":[114,114,39,39,39,70,70,100,179,179,206,206,232,243,243,318,318,337,79,93,107,107,142,142,174,201,217,245,245,260,277,277,355,355,371,371,78,88,102,137,53,88,88,107,107,145,145,165,165,165,165,165,165,15,57,57],"floor_reached":57,"playtime":2690,"items_purged":["Strike_G","Pain","Strike_G","Strike_G"],"score":3377,"play_id":"3e672a70-8fbe-4b84-b8f9-303201d8928b","local_time":"20240807173202","is_ascension_mode":true,"campfire_choices":[{"data":"Eviscerate","floor":7.0,"key":"SMITH"},{"data":"Dagger Spray","floor":10.0,"key":"SMITH"},{"data":"Concentrate","floor":12.0,"key":"SMITH"},{"data":"Prepared","floor":15.0,"key":"SMITH"},{"floor":29.0,"key":"RECALL"},{"floor":32.0,"key":"REST"},{"floor":45.0,"key":"REST"},{"floor":49.0,"key":"REST"},{"floor":53,"key":"REST"}],"neow_cost":"NONE","seed_source_timestamp":4304332486999,"circlet_count":0,"master_deck":["AscendersBane","Strike_G","Defend_G","Defend_G","Defend_G","Defend_G","Defend_G","Survivor","Neutralize","Eviscerate+1","Concentrate+1","Acrobatics","Dagger Throw","Prepared+1","Venomology","Backflip","Adrenaline","Acrobatics","Expertise","Burst","Footwork+1","Well Laid Plans+1","After Image+1","Reflex+1","Acrobatics+1","Tactician"],"special_seed":0,"relics":["Ring of the Snake","NeowsBlessing","WarpedTongs","Pen Nib","White Beast Statue","Pantograph","Bag of Marbles","Tingsha","Fusion Hammer","ClockworkSouvenir","Pear","Orichalcum","Toy Ornithopter","Anchor","HoveringKite","TheAbacus","Frozen Egg 2","CeramicFish","Regal Pillow","Omamori","Mummified Hand"],"potions_floor_usage":[50,51,51,51,56,56,56],"damage_taken":[{"damage":0.0,"enemies":"2 Louse","floor":1.0,"turns":1.0},{"damage":0.0,"enemies":"3 Sentries","floor":6.0,"turns":1.0},{"damage":2.0,"enemies":"Lagavulin","floor":8.0,"turns":1.0},{"damage":29.0,"enemies":"3 Sentries","floor":11.0,"turns":7.0},{"damage":11.0,"enemies":"Gremlin Nob","floor":13.0,"turns":3.0},{"damage":0.0,"enemies":"Cultist","floor":14.0,"turns":1.0},{"damage":34.0,"enemies":"Hexaghost","floor":16.0,"turns":8.0},{"damage":3.0,"enemies":"3 Byrds","floor":18.0,"turns":4.0},{"damage":0.0,"enemies":"Spheric Guardian","floor":20.0,"turns":2.0},{"damage":0.0,"enemies":"Centurion and Healer","floor":21.0,"turns":4.0},{"damage":4.0,"enemies":"Slavers","floor":23.0,"turns":4.0},{"damage":0.0,"enemies":"Book of Stabbing","floor":25.0,"turns":2.0},{"damage":0.0,"enemies":"Snecko","floor":27.0,"turns":3.0},{"damage":0.0,"enemies":"Gremlin Leader","floor":28.0,"turns":4.0},{"damage":0.0,"enemies":"3 Cultists","floor":30.0,"turns":3.0},{"damage":0.0,"enemies":"Centurion and Healer","floor":31.0,"turns":5.0},{"damage":19.0,"enemies":"Automaton","floor":33.0,"turns":7.0},{"damage":0.0,"enemies":"3 Darklings","floor":35.0,"turns":2.0},{"damage":0.0,"enemies":"3 Shapes","floor":38.0,"turns":2.0},{"damage":0.0,"enemies":"Jaw Worm Horde","floor":39.0,"turns":3.0},{"damage":0.0,"enemies":"Nemesis","floor":40.0,"turns":3.0},{"damage":0.0,"enemies":"Reptomancer","floor":42.0,"turns":4.0},{"damage":0.0,"enemies":"Maw","floor":44.0,"turns":5.0},{"damage":0.0,"enemies":"Giant Head","floor":46.0,"turns":5.0},{"damage":0.0,"enemies":"Spire Growth","floor":48.0,"turns":2.0},{"damage":1,"enemies":"Time Eater","floor":50,"turns":11},{"damage":6,"enemies":"Awakened One","floor":51,"turns":10},{"damage":0,"enemies":"Shield and Spear","floor":55,"turns":5},{"damage":0,"enemies":"The Heart","floor":56,"turns":6}],"seed_played":"7224490237849355968","potions_obtained":[{"floor":2.0,"key":"Fruit Juice"},{"floor":2.0,"key":"CultistPotion"},{"floor":6.0,"key":"AttackPotion"},{"floor":11.0,"key":"SteroidPotion"},{"floor":13.0,"key":"Poison Potion"},{"floor":14.0,"key":"CunningPotion"},{"floor":16.0,"key":"LiquidMemories"},{"floor":18.0,"key":"Weak Potion"},{"floor":20.0,"key":"Swift Potion"},{"floor":25.0,"key":"Weak Potion"},{"floor":30.0,"key":"LiquidMemories"},{"floor":33.0,"key":"Ancient Potion"},{"floor":35.0,"key":"Swift Potion"},{"floor":38.0,"key":"LiquidMemories"},{"floor":46.0,"key":"SpeedPotion"},{"floor":48.0,"key":"SkillPotion"}],"is_trial":false,"path_per_floor":["M","?","$","?","?","E","R","E","T","R","E","R","E","M","R","B",null,"M","$","M","M","?","E","?","E","T","M","E","R","M","M","R","B",null,"M","?","$","M","M","E","$","E","T","M","R","E","?","M","R","B","B",null,"R","$","E","B",null],"character_chosen":"THE_SILENT","basemod:card_modifiers":[null,null,null,null,null,null,null,null,null,null,null,null,null,null,null,null,null,null,null,null,null,null,null,null,null,null],"items_purchased":["ClockworkSouvenir","TheAbacus","Well Laid Plans+1"],"campfire_rested":4,"item_purchase_floors":[19,37,41],"current_hp_per_floor":[59,59,59,64,64,69,69,67,67,67,38,38,27,27,27,18,62,59,59,59,59,59,65,65,65,65,65,70,70,75,80,86,67,81,81,81,81,86,86,86,86,86,86,86,86,86,86,86,86,85,86,86,86,86,86,86],"gold":57,"neow_bonus":"THREE_ENEMY_KILL","is_prod":false,"is_daily":false,"chose_seed":false,"campfire_upgraded":4,"win_rate":0,"timestamp":1723019522,"path_taken":["M","?","?","?","?","E","R","E","T","R","E","R","E","?","R","BOSS","M","$","M","M","?","E","?","E","T","M","E","R","M","M","R","BOSS","M","?","$","M","M","E","$","E","T","M","R","E","?","?","R","BOSS","BOSS","R","$","E","BOSS"],"build_version":"2022-12-18","purchased_purges":4,"victory":true,"max_hp_per_floor":[66,66,66,71,71,76,76,76,76,76,76,76,76,76,76,76,76,76,76,76,76,76,86,86,86,86,86,86,86,86,86,86,86,86,86,86,86,86,86,86,86,86,86,86,86,86,86,86,86,86,86,86,86,86,86,86],"relic_stats":{"Regal Pillow":0,"counters":[29,118],"CeramicFish":36,"HoveringKite":[51],"Tingsha":[1653],"Pen Nib":[34],"Omamori":0,"Orichalcum":[24],"White Beast Statue":[0.0,0.0,0.0,0.4,0.0,0.6000000000000001,0.0,0.0,0.0,0.0,0.0,10.537573171200004],"WarpedTongs":[112],"TheAbacus":[450],"Mummified Hand":[4],"Pantograph":26,"obtain_stats":[{"Regal Pillow":46,"Pear":23,"NeowsBlessing":0,"CeramicFish":42,"HoveringKite":34,"Tingsha":13,"Pen Nib":6,"Omamori":47,"Orichalcum":25,"Frozen Egg 2":40,"White Beast Statue":8,"WarpedTongs":5,"ClockworkSouvenir":19,"Anchor":28,"TheAbacus":37,"Mummified Hand":55,"Pantograph":9,"Fusion Hammer":17,"Bag of Marbles":11,"Toy Ornithopter":26,"Ring of the Snake":0},{"Regal Pillow":24,"Pear":11,"NeowsBlessing":0,"CeramicFish":22,"HoveringKite":17,"Tingsha":5,"Pen Nib":2,"Omamori":24,"Orichalcum":12,"Frozen Egg 2":21,"White Beast Statue":3,"WarpedTongs":1,"ClockworkSouvenir":8,"Anchor":14,"TheAbacus":18,"Mummified Hand":28,"Pantograph":3,"Fusion Hammer":7,"Bag of Marbles":4,"Toy Ornithopter":12,"Ring of the Snake":0},{"Regal Pillow":84,"Pear":36,"NeowsBlessing":0,"CeramicFish":74,"HoveringKite":60,"Tingsha":13,"Pen Nib":2,"Omamori":84,"Orichalcum":38,"Frozen Egg 2":70,"White Beast Statue":3,"WarpedTongs":1,"ClockworkSouvenir":26,"Anchor":45,"TheAbacus":62,"Mummified Hand":112,"Pantograph":3,"Fusion Hammer":22,"Bag of Marbles":10,"Toy Ornithopter":38,"Ring of the Snake":0}],"Toy Ornithopter":26,"Ring of the Snake":[58]},"card_choices":[{"not_picked":["Outmaneuver","Finisher"],"picked":"Dagger Spray","floor":1.0},{"not_picked":["Poisoned Stab","Cloak And Dagger"],"picked":"Eviscerate","floor":6.0},{"not_picked":["Deadly Poison","Riddle With Holes"],"picked":"Concentrate","floor":8.0},{"not_picked":["Dagger Throw","Bouncing Flask"],"picked":"Acrobatics","floor":11.0},{"not_picked":["Crippling Poison","Quick Slash"],"picked":"Dagger Throw","floor":13.0},{"not_picked":["Deflect","Deadly Poison"],"picked":"Prepared","floor":14.0},{"not_picked":["Malaise","Grand Finale"],"picked":"Venomology","floor":16.0},{"not_picked":["Cloak And Dagger+1","Deadly Poison"],"picked":"Backflip","floor":18.0},{"not_picked":["PiercingWail","Endless Agony","Choke"],"picked":"SKIP","floor":20.0},{"not_picked":["Caltrops","Slice","Cloak And Dagger"],"picked":"SKIP","floor":21.0},{"not_picked":["Cloak And Dagger","Dash","Setup"],"picked":"SKIP","floor":23.0},{"not_picked":["Dagger Spray","Underhanded Strike","Dagger Throw"],"picked":"SKIP","floor":25.0},{"not_picked":["Noxious Fumes","Backflip"],"picked":"Adrenaline","floor":27.0},{"not_picked":["PiercingWail+1","Underhanded Strike","Accuracy"],"picked":"SKIP","floor":28.0},{"not_picked":["PiercingWail+1","Backflip"],"picked":"Acrobatics","floor":30.0},{"not_picked":["Caltrops","Cloak And Dagger"],"picked":"Expertise","floor":31.0},{"not_picked":["Wraith Form v2","Doppelganger"],"picked":"Burst","floor":33.0},{"not_picked":["Noxious Fumes","Deflect","Catalyst+1"],"picked":"SKIP","floor":35.0},{"not_picked":["Bane","Deadly Poison","Leg Sweep"],"picked":"SKIP","floor":38.0},{"not_picked":["Crippling Poison","Dagger Spray","Bane"],"picked":"SKIP","floor":39.0},{"not_picked":["Flying Knee","Bouncing Flask"],"picked":"Footwork+1","floor":40.0},{"not_picked":["Infinite Blades+1","Deadly Poison+1"],"picked":"After Image+1","floor":42.0},{"not_picked":["Slice","Deflect+1","Quick Slash"],"picked":"SKIP","floor":44.0},{"not_picked":["Dagger Spray","Prepared"],"picked":"Reflex+1","floor":46.0},{"not_picked":["Deadly Poison+1","Crippling Poison+1"],"picked":"Acrobatics+1","floor":48.0},{"not_picked":["Footwork+1","Dagger Spray"],"picked":"Tactician","floor":55}],"player_experience":790157,"relics_obtained":[{"floor":6.0,"key":"Pen Nib"},{"floor":8.0,"key":"White Beast Statue"},{"floor":9.0,"key":"Pantograph"},{"floor":11.0,"key":"Bag of Marbles"},{"floor":13.0,"key":"Tingsha"},{"floor":23.0,"key":"Pear"},{"floor":25.0,"key":"Orichalcum"},{"floor":26.0,"key":"Toy Ornithopter"},{"floor":28.0,"key":"Anchor"},{"floor":40.0,"key":"Frozen Egg 2"},{"floor":42.0,"key":"CeramicFish"},{"floor":46.0,"key":"Regal Pillow"},{"floor":47.0,"key":"Omamori"},{"floor":55,"key":"Mummified Hand"}],"event_choices":[{"damage_healed":0.0,"max_hp_gain":0.0,"max_hp_loss":0.0,"gold_gain":0.0,"event_name":"Lab","player_choice":"Got Potions","floor":2.0,"gold_loss":0.0,"damage_taken":0.0},{"damage_healed":0.0,"max_hp_gain":5.0,"max_hp_loss":0.0,"gold_gain":0.0,"event_name":"Big Fish","player_choice":"Donut","floor":4.0,"gold_loss":0.0,"damage_taken":0.0},{"damage_healed":0.0,"max_hp_gain":0.0,"max_hp_loss":0.0,"gold_gain":0.0,"event_name":"Accursed Blacksmith","player_choice":"Rummage","floor":5.0,"gold_loss":0.0,"damage_taken":0.0,"relics_obtained":["WarpedTongs"],"cards_obtained":["Pain"]},{"damage_healed":0.0,"max_hp_gain":0.0,"max_hp_loss":0.0,"gold_gain":0.0,"event_name":"Ghosts","player_choice":"Ignored","floor":22.0,"gold_loss":0.0,"damage_taken":0.0},{"cards_removed":["Strike_G"],"damage_healed":0.0,"max_hp_gain":0.0,"max_hp_loss":0.0,"gold_gain":0.0,"event_name":"Back to Basics","player_choice":"Elegance","floor":24.0,"gold_loss":0.0,"damage_taken":0.0},{"cards_removed":["Dagger Spray"],"damage_healed":0.0,"max_hp_gain":0.0,"max_hp_loss":0.0,"gold_gain":0.0,"event_name":"Falling","player_choice":"Removed Attack","floor":36.0,"gold_loss":0.0,"damage_taken":0.0},{"damage_healed":0.0,"max_hp_gain":0.0,"max_hp_loss":0.0,"gold_gain":0.0,"event_name":"Wheel of Change","player_choice":"Relic","floor":47.0,"gold_loss":0.0,"damage_taken":0.0}],"is_beta":false,"boss_relics":[{"not_picked":["Runic Dome","Busted Crown"],"picked":"Fusion Hammer"},{"not_picked":["Empty Cage","Snecko Eye"],"picked":"HoveringKite"}],"items_purged_floors":[3,19,37,54],"is_endless":false,"potions_floor_spawned":[6,11,13,14,16,18,20,21,23,25,27,28,30,31,33,35,38,39,40,42,44,46,48,55],"ascension_level":20}