{"gold_per_floor":[118,118,35,55,69,69,107,121,121,160,181,181,181,197,197,292,292,315,315,299,313,336,336,336],"floor_reached":24,"playtime":775,"items_purged":[],"score":420,"play_id":"7cef0105-2c20-4501-8f93-e43d0b9ecfc9","local_time":"20240813133852","is_ascension_mode":true,"campfire_choices":[{"data":"Spot Weakness","floor":6,"key":"SMITH"},{"floor":13,"key":"REST"},{"data":"Bash","floor":15,"key":"SMITH"},{"floor":23,"key":"REST"}],"neow_cost":"NONE","seed_source_timestamp":2044229574500,"circlet_count":0,"master_deck":["AscendersBane","Strike_R","Strike_R","Strike_R","Strike_R","Strike_R","Defend_R","Defend_R","Defend_R","Defend_R","Bash+1","Combust","Spot Weakness+1","Shrug It Off","Headbutt","Armaments","Pommel Strike","Pummel","Reaper","Sword Boomerang"],"relics":["Burning Blood","NeowsBlessing","Golden Idol","The Courier","Thread and Needle","TungstenRod","Sozu"],"potions_floor_usage":[7,10,16],"damage_taken":[{"damage":0,"enemies":"2 Louse","floor":1,"turns":1},{"damage":0,"enemies":"Jaw Worm","floor":4,"turns":1},{"damage":0,"enemies":"Cultist","floor":5,"turns":1},{"damage":35,"enemies":"Gremlin Nob","floor":7,"turns":4},{"damage":2,"enemies":"2 Fungi Beasts","floor":8,"turns":5},{"damage":30,"enemies":"Lagavulin","floor":10,"turns":7},{"damage":2,"enemies":"Lots of Slimes","floor":11,"turns":7},{"damage":7,"enemies":"3 Louse","floor":14,"turns":6},{"damage":13,"enemies":"The Guardian","floor":16,"turns":10},{"damage":0,"enemies":"3 Byrds","floor":18,"turns":5},{"damage":16,"enemies":"2 Thieves","floor":20,"turns":4},{"damage":25,"enemies":"Snake Plant","floor":21,"turns":5},{"damage":62,"enemies":"Cultist and Chosen","floor":22,"turns":8},{"damage":55,"enemies":"Slavers","floor":24,"turns":3}],"seed_played":"7041573901695466343","potions_obtained":[{"floor":1,"key":"Energy Potion"},{"floor":5,"key":"Fire Potion"},{"floor":14,"key":"LiquidMemories"},{"floor":16,"key":"Ancient Potion"}],"is_trial":false,"path_per_floor":["M","?","$","M","M","R","E","M","T","E","M","?","R","M","R","B",null,"M","?","M","M","M","R","E"],"character_chosen":"IRONCLAD","basemod:card_modifiers":[null,null,null,null,null,null,null,null,null,null,null,null,null,null,null,null,null,null,null,null],"items_purchased":["Spot Weakness"],"campfire_rested":2,"item_purchase_floors":[3],"current_hp_per_floor":[74,48,48,54,60,60,31,35,35,11,15,15,37,36,36,29,64,75,75,75,69,25,47,0],"gold":336,"neow_bonus":"THREE_ENEMY_KILL","is_prod":false,"is_daily":false,"chose_seed":false,"campfire_upgraded":2,"win_rate":0,"timestamp":1723523932,"path_taken":["M","?","$","M","M","R","E","M","T","E","M","?","R","M","R","BOSS","M","?","M","M","M","R","E"],"build_version":"2022-12-18","purchased_purges":0,"victory":false,"max_hp_per_floor":[75,75,75,75,75,75,75,75,75,75,75,75,75,75,75,75,75,75,75,75,75,75,75,75],"relic_stats":{"Sozu":2,"counters":[14,67],"Golden Idol":70,"The Courier":0,"obtain_stats":[{"Sozu":17,"NeowsBlessing":0,"Golden Idol":2,"Thread and Needle":9,"The Courier":7,"Burning Blood":0,"TungstenRod":10},{"Sozu":9,"NeowsBlessing":0,"Golden Idol":1,"Thread and Needle":5,"The Courier":4,"Burning Blood":0,"TungstenRod":6},{"Sozu":42,"NeowsBlessing":0,"Golden Idol":1,"Thread and Needle":12,"The Courier":7,"Burning Blood":0,"TungstenRod":19}],"Burning Blood":74,"TungstenRod":41},"card_choices":[{"not_picked":["Clash","Cleave"],"picked":"Combust","floor":1},{"not_picked":["Twin Strike","True Grit"],"picked":"Shrug It Off","floor":4},{"not_picked":["Seeing Red","Iron Wave"],"picked":"Headbutt","floor":5},{"not_picked":["Fire Breathing","Reckless Charge"],"picked":"Armaments","floor":7},{"not_picked":["Feel No Pain","True Grit"],"picked":"Pommel Strike","floor":8},{"not_picked":["Clash","Warcry","Searing Blow"],"picked":"SKIP","floor":10},{"not_picked":["Rampage","Thunderclap"],"picked":"Pummel","floor":11},{"not_picked":["Clothesline","Headbutt","Perfected Strike"],"picked":"SKIP","floor":14},{"not_picked":["Bludgeon","Immolate"],"picked":"Reaper","floor":16},{"not_picked":["Body Slam","Cleave","Warcry"],"picked":"SKIP","floor":18},{"not_picked":["Anger+1","Sever Soul","Immolate"],"picked":"SKIP","floor":20},{"not_picked":["Inflame","Heavy Blade"],"picked":"Sword Boomerang","floor":21},{"not_picked":["Sword Boomerang","Pummel","Iron Wave"],"picked":"SKIP","floor":22}],"player_experience":803391,"relics_obtained":[{"floor":7,"key":"The Courier"},{"floor":9,"key":"Thread and Needle"},{"floor":10,"key":"TungstenRod"}],"event_choices":[{"damage_healed":0,"gold_gain":0,"player_choice":"Take Damage","damage_taken":26,"relics_obtained":["Golden Idol"],"max_hp_gain":0,"max_hp_loss":0,"event_name":"Golden Idol","floor":2,"gold_loss":0},{"damage_healed":0,"gold_gain":0,"player_choice":"Fled","damage_taken":0,"max_hp_gain":0,"max_hp_loss":0,"event_name":"Scrap Ooze","floor":12,"gold_loss":0},{"damage_healed":0,"gold_gain":0,"player_choice":"Ignored","damage_taken":0,"max_hp_gain":0,"max_hp_loss":0,"event_name":"The Mausoleum","floor":19,"gold_loss":0}],"is_beta":false,"boss_relics":[{"not_picked":["Ectoplasm","Black Star"],"picked":"Sozu"}],"items_purged_floors":[],"is_endless":false,"potions_floor_spawned":[1,5,14,16,20,22],"killed_by":"Slavers","ascension_level":20}