{"gold_per_floor":[116,116,116,130,144,169,169,94,120,120,140,177,177,177,177,276,276,291,336,369,294,294],"floor_reached":22,"playtime":2878,"items_purged":["Bite"],"score":409,"play_id":"0eb018f6-e7bd-4194-8463-215454d5d98f","local_time":"20240823194300","is_ascension_mode":true,"campfire_choices":[{"floor":7.0,"key":"REST"},{"data":"Coolheaded","floor":13.0,"key":"SMITH"},{"data":"Dualcast","floor":15.0,"key":"SMITH"}],"neow_cost":"NONE","seed_source_timestamp":17559473754700,"circlet_count":0,"master_deck":["AscendersBane","Defend_B","Defend_B","Defend_B","Zap","Dualcast+1","Ball Lightning","Darkness","Ball Lightning","Undo","Cold Snap","Coolheaded+1","Electrodynamics","Bite","Bite","Bite","Bite","Turbo"],"special_seed":0,"relics":["Cracked Core","NeowsBlessing","Strawberry","Regal Pillow","CeramicFish","Peace Pipe","Golden Idol","Inserter"],"potions_floor_usage":[16,16,22],"damage_taken":[{"damage":0.0,"enemies":"Jaw Worm","floor":1.0,"turns":1.0},{"damage":0.0,"enemies":"Small Slimes","floor":4.0,"turns":1.0},{"damage":0.0,"enemies":"2 Louse","floor":5.0,"turns":1.0},{"damage":30.0,"enemies":"3 Sentries","floor":6.0,"turns":7.0},{"damage":14.0,"enemies":"Exordium Thugs","floor":11.0,"turns":4.0},{"damage":8.0,"enemies":"Lagavulin","floor":12.0,"turns":7.0},{"damage":35,"enemies":"Hexaghost","floor":16,"turns":11},{"damage":36,"enemies":"Chosen","floor":18,"turns":5},{"damage":16,"enemies":"3 Byrds","floor":20,"turns":3},{"damage":30,"enemies":"Centurion and Healer","floor":22,"turns":5}],"seed_played":"-4610292714958678139","potions_obtained":[{"floor":5.0,"key":"DuplicationPotion"},{"floor":6.0,"key":"PotionOfCapacity"},{"floor":18,"key":"GamblersBrew"},{"floor":20,"key":"Fire Potion"}],"is_trial":false,"path_per_floor":["M","?","?","M","M","E","R","?","T","?","M","E","R","?","R","B",null,"M","?","M","$","M"],"character_chosen":"DEFECT","basemod:card_modifiers":[null,null,null,null,null,null,null,null,null,null,null,null,null,null,null,null,null,null],"items_purchased":[],"campfire_rested":1,"item_purchase_floors":[],"current_hp_per_floor":[64,69,69,69,69,46,70,70,70,65,51,43,43,43,43,8,58,22,22,12,12,0],"gold":294,"neow_bonus":"THREE_ENEMY_KILL","is_prod":false,"is_daily":false,"chose_seed":false,"campfire_upgraded":2,"win_rate":0,"timestamp":1724409780,"path_taken":["M","?","?","M","M","E","R","?","T","?","M","E","R","?","R","BOSS","M","?","M","$","M"],"build_version":"2022-12-18","purchased_purges":1,"victory":false,"max_hp_per_floor":[71,76,76,76,76,83,83,83,83,83,83,83,83,75,75,75,75,75,52,52,52,52],"relic_stats":{"Peace Pipe":0,"Regal Pillow":0,"Inserter":[6],"counters":[10,45],"Golden Idol":26,"CeramicFish":81,"obtain_stats":[{"Peace Pipe":12,"Regal Pillow":9,"Inserter":17,"NeowsBlessing":0,"Golden Idol":14,"Strawberry":6,"CeramicFish":10,"Cracked Core":0},{"Peace Pipe":6,"Regal Pillow":4,"Inserter":7,"NeowsBlessing":0,"Golden Idol":6,"Strawberry":4,"CeramicFish":4,"Cracked Core":0},{"Peace Pipe":21,"Regal Pillow":10,"Inserter":32,"NeowsBlessing":0,"Golden Idol":21,"Strawberry":10,"CeramicFish":10,"Cracked Core":0}]},"card_choices":[{"not_picked":["Double Energy","Recycle"],"picked":"Ball Lightning","floor":1.0},{"not_picked":["Coolheaded","Streamline"],"picked":"Darkness","floor":4.0},{"not_picked":["Gash","Chaos"],"picked":"Ball Lightning","floor":5.0},{"not_picked":["Reprogram","Go for the Eyes"],"picked":"Undo","floor":6.0},{"not_picked":["Meteor Strike","Ball Lightning"],"picked":"Cold Snap","floor":11.0},{"not_picked":["Ball Lightning","Streamline"],"picked":"Coolheaded","floor":12.0},{"not_picked":["Reboot","Core Surge"],"picked":"Electrodynamics","floor":16},{"not_picked":["Go for the Eyes","Streamline+1","Gash+1"],"picked":"SKIP","floor":18},{"not_picked":["Conserve Battery","Loop"],"picked":"Turbo","floor":20}],"player_experience":826350,"relics_obtained":[{"floor":6.0,"key":"Strawberry"},{"floor":9.0,"key":"Regal Pillow"},{"floor":12.0,"key":"Peace Pipe"}],"event_choices":[{"damage_healed":0.0,"max_hp_gain":5.0,"max_hp_loss":0.0,"gold_gain":0.0,"event_name":"Big Fish","player_choice":"Donut","floor":2.0,"gold_loss":0.0,"damage_taken":0.0},{"damage_healed":0.0,"max_hp_gain":0.0,"max_hp_loss":0.0,"gold_gain":0.0,"event_name":"Liars Game","player_choice":"Ignored","floor":3.0,"gold_loss":0.0,"damage_taken":0.0},{"cards_removed":["Defend_B"],"damage_healed":0.0,"max_hp_gain":0.0,"max_hp_loss":0.0,"gold_gain":0.0,"event_name":"The Cleric","player_choice":"Card Removal","floor":8.0,"gold_loss":75.0,"damage_taken":0.0},{"damage_healed":0.0,"max_hp_gain":0.0,"max_hp_loss":0.0,"gold_gain":0.0,"event_name":"Scrap Ooze","player_choice":"Success","floor":10.0,"gold_loss":0.0,"damage_taken":5.0,"relics_obtained":["CeramicFish"]},{"damage_healed":0.0,"max_hp_gain":0.0,"max_hp_loss":8.0,"gold_gain":0.0,"event_name":"Golden Idol","player_choice":"Lose Max HP","floor":14.0,"gold_loss":0.0,"damage_taken":0.0,"relics_obtained":["Golden Idol"]},{"damage_healed":0,"gold_gain":0,"player_choice":"Became a vampire","damage_taken":0,"max_hp_gain":0,"max_hp_loss":23,"event_name":"Vampires","floor":19,"gold_loss":0,"cards_obtained":["Bite","Bite","Bite","Bite","Bite"]}],"is_beta":false,"boss_relics":[{"not_picked":["Sozu","Tiny House"],"picked":"Inserter"}],"items_purged_floors":[21],"is_endless":false,"potions_floor_spawned":[5,6,12,18,20],"killed_by":"Centurion and Healer","ascension_level":20}