{"gold_per_floor":[109,121,131,206,3,30,57,66,66,66,76,95,139,161,161,244,244,270,60,60,0],"floor_reached":21,"playtime":743,"items_purged":["Parasite"],"score":432,"play_id":"0758ee27-0e85-4bf0-92fa-0be8cf533fb1","local_time":"20240823154036","is_ascension_mode":true,"campfire_choices":[{"floor":10.0,"key":"REST"},{"data":"Beam Cell","floor":15.0,"key":"SMITH"}],"neow_cost":"PERCENT_DAMAGE","seed_source_timestamp":5240294130500,"circlet_count":0,"master_deck":["AscendersBane","Strike_B","Strike_B","Strike_B","Defend_B","Defend_B","Defend_B","Zap","Dualcast","Undo","Rip and Tear","Sweeping Beam","Beam Cell+1","Static Discharge","Glacier","Skim","FTL","Biased Cognition","Compile Driver"],"special_seed":0,"relics":["Cracked Core","Membership Card","Pen Nib","Matryoshka","SlaversCollar","Torii","Nloth\u0027s Gift"],"potions_floor_usage":[16,16,16,16],"damage_taken":[{"damage":3.0,"enemies":"2 Louse","floor":1.0,"turns":3.0},{"damage":8.0,"enemies":"Small Slimes","floor":2.0,"turns":5.0},{"damage":0.0,"enemies":"Cultist","floor":3.0,"turns":3.0},{"damage":20.0,"enemies":"Lagavulin","floor":6.0,"turns":6.0},{"damage":1.0,"enemies":"Red Slaver","floor":7.0,"turns":3.0},{"damage":4.0,"enemies":"Lots of Slimes","floor":11.0,"turns":4.0},{"damage":21.0,"enemies":"3 Louse","floor":12.0,"turns":3.0},{"damage":0.0,"enemies":"Gremlin Nob","floor":13.0,"turns":3.0},{"damage":6.0,"enemies":"2 Fungi Beasts","floor":14.0,"turns":3.0},{"damage":2,"enemies":"Hexaghost","floor":16,"turns":8},{"damage":43,"enemies":"Shell Parasite","floor":18,"turns":6},{"damage":12,"enemies":"2 Thieves","floor":21,"turns":2}],"seed_played":"-3448514206232200918","potions_obtained":[{"floor":7.0,"key":"Block Potion"},{"floor":12.0,"key":"SneckoOil"},{"floor":13.0,"key":"FocusPotion"},{"floor":14.0,"key":"EntropicBrew"}],"is_trial":false,"path_per_floor":["M","M","M","?","$","E","M","?","T","R","M","M","E","M","R","B",null,"M","$","?","M"],"character_chosen":"DEFECT","basemod:card_modifiers":[null,null,null,null,null,null,null,null,null,null,null,null,null,null,null,null,null,null,null],"items_purchased":["Membership Card","Beam Cell","FearPotion","Torii"],"campfire_rested":1,"item_purchase_floors":[5,5,5,19],"current_hp_per_floor":[43,35,35,24,24,4,3,20,20,41,37,16,16,10,10,8,55,12,12,12,0],"gold":0,"neow_bonus":"REMOVE_TWO","is_prod":false,"is_daily":false,"chose_seed":false,"campfire_upgraded":1,"win_rate":0,"timestamp":1724395236,"path_taken":["M","M","M","?","$","E","M","?","T","R","M","M","E","M","R","BOSS","M","$","?","M"],"build_version":"2022-12-18","purchased_purges":1,"victory":false,"max_hp_per_floor":[71,71,71,71,71,71,71,71,71,71,71,71,71,71,71,71,71,71,68,68,68],"relic_stats":{"Matryoshka":0,"Torii":3,"counters":[12,49],"Pen Nib":[5],"Nloth\u0027s Gift":0,"Membership Card":250,"obtain_stats":[{"SlaversCollar":17,"Matryoshka":13,"Torii":19,"CeramicFish":6,"Pen Nib":9,"Nloth\u0027s Gift":20,"Membership Card":5,"Cracked Core":0},{"SlaversCollar":10,"Matryoshka":8,"Torii":11,"CeramicFish":4,"Pen Nib":5,"Nloth\u0027s Gift":11,"Membership Card":3,"Cracked Core":0},{"SlaversCollar":41,"Matryoshka":30,"Torii":47,"CeramicFish":17,"Pen Nib":20,"Nloth\u0027s Gift":47,"Membership Card":11,"Cracked Core":0}]},"card_choices":[{"not_picked":["Go for the Eyes","Steam"],"picked":"Undo","floor":1.0},{"not_picked":["Gash","Redo"],"picked":"Rip and Tear","floor":2.0},{"not_picked":["Barrage","Capacitor"],"picked":"Sweeping Beam","floor":3.0},{"not_picked":["Rebound","Tempest","Force Field"],"picked":"SKIP","floor":6.0},{"not_picked":["Redo","Gash"],"picked":"Static Discharge","floor":7.0},{"not_picked":["Compile Driver","Reinforced Body","Streamline"],"picked":"SKIP","floor":11.0},{"not_picked":["Reprogram","Steam"],"picked":"Glacier","floor":12.0},{"not_picked":["Reprogram","Meteor Strike"],"picked":"Skim","floor":13.0},{"not_picked":["Conserve Battery","Ball Lightning"],"picked":"FTL","floor":14.0},{"not_picked":["Buffer","Thunder Strike"],"picked":"Biased Cognition","floor":16},{"not_picked":["Leap","Sweeping Beam"],"picked":"Compile Driver","floor":18}],"player_experience":817291,"relics_obtained":[{"floor":6.0,"key":"CeramicFish"},{"floor":9.0,"key":"Pen Nib"},{"floor":13.0,"key":"Matryoshka"}],"event_choices":[{"damage_healed":0.0,"max_hp_gain":0.0,"max_hp_loss":0.0,"gold_gain":75.0,"event_name":"World of Goop","player_choice":"Gather Gold","floor":4.0,"gold_loss":0.0,"damage_taken":11.0},{"damage_healed":17.0,"max_hp_gain":0.0,"max_hp_loss":0.0,"gold_gain":0.0,"event_name":"Mushrooms","player_choice":"Healed and dodged fight","floor":8.0,"gold_loss":0.0,"damage_taken":0.0,"cards_obtained":["Parasite"]},{"damage_healed":0,"gold_gain":0,"player_choice":"Traded Relic","damage_taken":0,"relics_obtained":["Nloth\u0027s Gift"],"max_hp_gain":0,"max_hp_loss":0,"event_name":"N\u0027loth","floor":20,"relics_lost":["CeramicFish"],"gold_loss":0}],"is_beta":false,"boss_relics":[{"not_picked":["Runic Dome","Tiny House"],"picked":"SlaversCollar"}],"items_purged_floors":[19],"is_endless":false,"potions_floor_spawned":[7,12,13,14],"killed_by":"2 Thieves","ascension_level":20}