{"gold_per_floor":[114,124,124,141,159,159,159],"floor_reached":7,"playtime":121,"items_purged":[],"score":86,"play_id":"4a8f9e63-27f0-4ffb-aad5-94b85f97fc39","local_time":"20240823165510","is_ascension_mode":true,"campfire_choices":[{"data":"Sweeping Beam","floor":6,"key":"SMITH"}],"neow_cost":"NONE","seed_source_timestamp":10426154802900,"circlet_count":0,"master_deck":["AscendersBane","Strike_B","Strike_B","Strike_B","Strike_B","Defend_B","Defend_B","Defend_B","Zap","Dualcast","Coolheaded","Consume","Skim","Conserve Battery","Sweeping Beam+1"],"relics":["Cracked Core","Art of War"],"potions_floor_usage":[],"damage_taken":[{"damage":24,"enemies":"Jaw Worm","floor":1,"turns":4},{"damage":1,"enemies":"Cultist","floor":2,"turns":3},{"damage":5,"enemies":"Small Slimes","floor":4,"turns":4},{"damage":7,"enemies":"Blue Slaver","floor":5,"turns":5},{"damage":29,"enemies":"Exordium Wildlife","floor":7,"turns":3}],"seed_played":"1416260060458640496","potions_obtained":[],"is_trial":false,"path_per_floor":["M","M","?","M","M","R","M"],"character_chosen":"DEFECT","basemod:card_modifiers":[null,null,null,null,null,null,null,null,null,null,null,null,null,null,null],"items_purchased":[],"campfire_rested":0,"item_purchase_floors":[],"current_hp_per_floor":[40,39,39,34,27,27,0],"gold":159,"neow_bonus":"RANDOM_COMMON_RELIC","is_prod":false,"is_daily":false,"chose_seed":false,"campfire_upgraded":1,"win_rate":0,"timestamp":1724399710,"path_taken":["M","M","?","M","?","R","M"],"build_version":"2022-12-18","purchased_purges":0,"victory":false,"max_hp_per_floor":[71,71,71,71,71,71,71],"relic_stats":{"counters":[5,19],"Art of War":[3],"obtain_stats":[{"Art of War":0,"Cracked Core":0},{"Art of War":0,"Cracked Core":0},{"Art of War":0,"Cracked Core":0}]},"card_choices":[{"not_picked":["Sweeping Beam","Static Discharge"],"picked":"Coolheaded","floor":1},{"not_picked":["Storm","Scrape"],"picked":"Consume","floor":2},{"not_picked":["Force Field","Compile Driver"],"picked":"Conserve Battery","floor":4},{"not_picked":["BootSequence","Redo"],"picked":"Sweeping Beam","floor":5}],"player_experience":822117,"relics_obtained":[],"event_choices":[{"damage_healed":0,"gold_gain":0,"cards_transformed":["Defend_B"],"player_choice":"Transformed","damage_taken":0,"max_hp_gain":0,"max_hp_loss":0,"event_name":"Transmorgrifier","floor":3,"gold_loss":0,"cards_obtained":["Skim"]}],"is_beta":false,"boss_relics":[],"items_purged_floors":[],"is_endless":false,"potions_floor_spawned":[],"killed_by":"Exordium Wildlife","ascension_level":20}