{"gold_per_floor":[13,28,40,52,52,52,69,69,69,94,94,109,109,158,158,158],"floor_reached":16,"playtime":368,"items_purged":[],"score":204,"play_id":"086ca435-5201-4020-9982-2e3e12d591c0","local_time":"20240823001229","is_ascension_mode":true,"campfire_choices":[{"data":"Blade Dance","floor":6,"key":"SMITH"},{"data":"Terror","floor":8,"key":"SMITH"},{"data":"Poisoned Stab","floor":13,"key":"SMITH"},{"floor":15,"key":"DIG"}],"neow_cost":"NO_GOLD","seed_source_timestamp":24427513191700,"circlet_count":0,"master_deck":["AscendersBane","Strike_G","Strike_G","Strike_G","Strike_G","Defend_G","Defend_G","Defend_G","Defend_G","Survivor","Neutralize","Slice","Reflex","Poisoned Stab+1","Blade Dance+1","Terror+1","Acrobatics"],"relics":["Ring of the Snake","Peace Pipe","Shovel","Prayer Wheel"],"potions_floor_usage":[10,16],"damage_taken":[{"damage":3,"enemies":"Cultist","floor":1,"turns":4},{"damage":0,"enemies":"2 Louse","floor":2,"turns":3},{"damage":4,"enemies":"Small Slimes","floor":3,"turns":3},{"damage":12,"enemies":"Blue Slaver","floor":4,"turns":4},{"damage":6,"enemies":"2 Fungi Beasts","floor":7,"turns":3},{"damage":20,"enemies":"Lagavulin","floor":10,"turns":4},{"damage":0,"enemies":"Large Slime","floor":12,"turns":4},{"damage":17,"enemies":"Hexaghost","floor":16,"turns":7}],"seed_played":"-2111485425250272520","potions_obtained":[{"floor":3,"key":"Poison Potion"},{"floor":4,"key":"FearPotion"}],"is_trial":false,"path_per_floor":["M","M","M","M","?","R","M","R","T","E","?","M","R","T","R","B"],"character_chosen":"THE_SILENT","basemod:card_modifiers":[null,null,null,null,null,null,null,null,null,null,null,null,null,null,null,null,null],"items_purchased":[],"campfire_rested":0,"item_purchase_floors":[],"current_hp_per_floor":[56,56,52,40,40,40,34,34,34,14,14,14,14,14,14,0],"gold":158,"neow_bonus":"REMOVE_TWO","is_prod":false,"is_daily":false,"chose_seed":false,"campfire_upgraded":3,"win_rate":0,"timestamp":1724339549,"path_taken":["M","?","M","M","?","R","M","R","T","E","?","M","R","?","R","BOSS"],"build_version":"2022-12-18","purchased_purges":0,"victory":false,"max_hp_per_floor":[66,66,66,66,66,66,66,66,66,66,66,66,66,66,66,66],"relic_stats":{"Peace Pipe":2,"Shovel":1,"counters":[8,32],"Prayer Wheel":0,"obtain_stats":[{"Peace Pipe":9,"Shovel":10,"Prayer Wheel":15,"Ring of the Snake":0},{"Peace Pipe":5,"Shovel":6,"Prayer Wheel":7,"Ring of the Snake":0},{"Peace Pipe":17,"Shovel":21,"Prayer Wheel":25,"Ring of the Snake":0}],"Ring of the Snake":[16]},"card_choices":[{"not_picked":["Sucker Punch","Flying Knee"],"picked":"Slice","floor":1},{"not_picked":["Riddle With Holes","Deflect"],"picked":"Reflex","floor":2},{"not_picked":["Riddle With Holes","Infinite Blades"],"picked":"Poisoned Stab","floor":3},{"not_picked":["Flying Knee","Bane"],"picked":"Blade Dance","floor":4},{"not_picked":["Prepared","Slice"],"picked":"Terror","floor":7},{"not_picked":["Predator","Deadly Poison"],"picked":"Acrobatics","floor":10},{"not_picked":["Flying Knee","Backflip","Deflect"],"picked":"SKIP","floor":12}],"player_experience":809429,"relics_obtained":[{"floor":9,"key":"Peace Pipe"},{"floor":10,"key":"Shovel"},{"floor":15,"key":"Prayer Wheel"}],"event_choices":[{"damage_healed":0,"gold_gain":0,"player_choice":"Leave","damage_taken":0,"max_hp_gain":0,"max_hp_loss":0,"event_name":"The Cleric","floor":5,"gold_loss":0},{"damage_healed":0,"gold_gain":0,"player_choice":"Ignored","damage_taken":0,"max_hp_gain":0,"max_hp_loss":0,"event_name":"Shining Light","floor":11,"gold_loss":0}],"is_beta":false,"boss_relics":[],"items_purged_floors":[],"is_endless":false,"potions_floor_spawned":[3,4,7],"killed_by":"Hexaghost","ascension_level":20}