{"gold_per_floor":[115,126,126,11,23,23,56,56,104,147,170,182,41,71,71,146,146,161,161,172,202,202],"floor_reached":22,"playtime":514,"items_purged":["Strike_B","Strike_B"],"score":504,"play_id":"58a887cb-2b3c-4a29-ac1d-3e1f372a37ed","local_time":"20240823160931","is_ascension_mode":true,"campfire_choices":[{"data":"Sunder","floor":6.0,"key":"SMITH"},{"data":"Go for the Eyes","floor":8.0,"key":"SMITH"},{"data":"Dualcast","floor":15.0,"key":"SMITH"}],"neow_cost":"NONE","seed_source_timestamp":7248815511800,"circlet_count":0,"master_deck":["AscendersBane","Strike_B","Strike_B","Defend_B","Defend_B","Defend_B","Zap","Dualcast+1","Go for the Eyes+1","Gash","Sunder+1","Compile Driver","Cold Snap","Recycle","Buffer","Doom and Gloom","Biased Cognition+1","Self Repair+1","Ball Lightning","Reinforced Body"],"special_seed":0,"relics":["Cracked Core","NeowsBlessing","Bronze Scales","MawBank","Blue Candle","Frozen Egg 2","Inserter","Red Mask"],"potions_floor_usage":[],"damage_taken":[{"damage":0.0,"enemies":"Cultist","floor":1.0,"turns":1.0},{"damage":0.0,"enemies":"Jaw Worm","floor":2.0,"turns":1.0},{"damage":0.0,"enemies":"Small Slimes","floor":5.0,"turns":1.0},{"damage":23.0,"enemies":"Gremlin Nob","floor":7.0,"turns":4.0},{"damage":0.0,"enemies":"Lagavulin","floor":10.0,"turns":6.0},{"damage":0.0,"enemies":"3 Louse","floor":11.0,"turns":3.0},{"damage":0.0,"enemies":"Gremlin Nob","floor":14.0,"turns":3.0},{"damage":15.0,"enemies":"Hexaghost","floor":16.0,"turns":9.0},{"damage":10.0,"enemies":"3 Byrds","floor":18.0,"turns":3.0},{"damage":19.0,"enemies":"Shell Parasite","floor":20.0,"turns":5.0},{"damage":32.0,"enemies":"Masked Bandits","floor":21.0,"turns":3.0},{"damage":33,"enemies":"Sentry and Sphere","floor":22,"turns":5}],"seed_played":"-7037716708181896002","potions_obtained":[{"floor":1.0,"key":"FocusPotion"},{"floor":3.0,"key":"SpeedPotion"},{"floor":3.0,"key":"EssenceOfSteel"},{"floor":7.0,"key":"EntropicBrew"},{"floor":14.0,"key":"Block Potion"},{"floor":16.0,"key":"Swift Potion"}],"is_trial":false,"path_per_floor":["M","M","?","$","M","R","E","R","T","E","M","?","$","E","R","B",null,"M","?","M","?","M"],"character_chosen":"DEFECT","basemod:card_modifiers":[null,null,null,null,null,null,null,null,null,null,null,null,null,null,null,null,null,null,null,null],"items_purchased":["Sunder","PowerPotion"],"campfire_rested":0,"item_purchase_floors":[4,13],"current_hp_per_floor":[64,64,64,64,64,64,41,41,41,41,41,64,64,64,64,49,66,56,56,47,25,0],"gold":202,"neow_bonus":"THREE_ENEMY_KILL","is_prod":false,"is_daily":false,"chose_seed":false,"campfire_upgraded":3,"win_rate":0,"timestamp":1724396971,"path_taken":["M","?","?","?","M","R","E","R","T","E","M","?","$","E","R","BOSS","M","?","M","?","?"],"build_version":"2022-12-18","purchased_purges":2,"victory":false,"max_hp_per_floor":[71,71,71,71,71,71,71,71,71,71,71,71,71,71,71,71,71,71,71,71,71,71],"relic_stats":{"Inserter":[8],"counters":[12,44],"Bronze Scales":[131],"Blue Candle":[0],"MawBank":48,"obtain_stats":[{"Inserter":17,"NeowsBlessing":0,"Bronze Scales":7,"Blue Candle":10,"Red Mask":21,"Frozen Egg 2":14,"Cracked Core":0,"MawBank":9},{"Inserter":8,"NeowsBlessing":0,"Bronze Scales":4,"Blue Candle":5,"Red Mask":11,"Frozen Egg 2":7,"Cracked Core":0,"MawBank":4},{"Inserter":28,"NeowsBlessing":0,"Bronze Scales":7,"Blue Candle":13,"Red Mask":39,"Frozen Egg 2":19,"Cracked Core":0,"MawBank":7}]},"card_choices":[{"not_picked":["Melter","Redo"],"picked":"Go for the Eyes","floor":1.0},{"not_picked":["Coolheaded","Compile Driver"],"picked":"Gash","floor":2.0},{"not_picked":["Barrage","Turbo"],"picked":"Compile Driver","floor":5.0},{"not_picked":["Rip and Tear","Steam"],"picked":"Cold Snap","floor":7.0},{"not_picked":["White Noise","Conserve Battery"],"picked":"Recycle","floor":10.0},{"not_picked":["Gash","Steam"],"picked":"Buffer","floor":11.0},{"not_picked":["Steam","Sweeping Beam"],"picked":"Doom and Gloom","floor":14.0},{"not_picked":["Fission","Creative AI+1"],"picked":"Biased Cognition+1","floor":16.0},{"not_picked":["Redo","Capacitor+1"],"picked":"Self Repair+1","floor":18.0},{"not_picked":["Beam Cell","Steam"],"picked":"Ball Lightning","floor":20.0},{"not_picked":["Leap+1","Go for the Eyes"],"picked":"Reinforced Body","floor":21.0}],"player_experience":819134,"relics_obtained":[{"floor":7.0,"key":"Bronze Scales"},{"floor":9.0,"key":"MawBank"},{"floor":10.0,"key":"Blue Candle"},{"floor":14.0,"key":"Frozen Egg 2"},{"floor":21.0,"key":"Red Mask"}],"event_choices":[{"damage_healed":0.0,"max_hp_gain":0.0,"max_hp_loss":0.0,"gold_gain":0.0,"event_name":"Lab","player_choice":"Got Potions","floor":3.0,"gold_loss":0.0,"damage_taken":0.0},{"damage_healed":23.0,"max_hp_gain":0.0,"max_hp_loss":0.0,"gold_gain":0.0,"event_name":"Big Fish","player_choice":"Banana","floor":12.0,"gold_loss":0.0,"damage_taken":0.0},{"cards_removed":["Defend_B"],"damage_healed":0.0,"max_hp_gain":0.0,"max_hp_loss":0.0,"gold_gain":0.0,"event_name":"Back to Basics","player_choice":"Elegance","floor":19.0,"gold_loss":0.0,"damage_taken":0.0},{"damage_healed":0.0,"max_hp_gain":0.0,"max_hp_loss":0.0,"gold_gain":0.0,"event_name":"Masked Bandits","player_choice":"Fought Bandits","floor":21.0,"gold_loss":0.0,"damage_taken":0.0}],"is_beta":false,"boss_relics":[{"not_picked":["Runic Dome","Coffee Dripper"],"picked":"Inserter"}],"items_purged_floors":[4,13],"is_endless":false,"potions_floor_spawned":[1,7,14,16],"killed_by":"Sentry and Sphere","ascension_level":20}