{"gold_per_floor":[111,131,141,141,168,168,198,198,225,225,260,274,58,71,71,71],"floor_reached":16,"playtime":448,"items_purged":["Strike_B"],"score":220,"play_id":"651c7316-40df-4cbb-94af-0ff21dbc3bd1","local_time":"20240823155528","is_ascension_mode":true,"campfire_choices":[{"floor":6,"key":"REST"},{"data":"Turbo","floor":8,"key":"SMITH"},{"data":"Beam Cell","floor":10,"key":"SMITH"},{"floor":15,"key":"REST"}],"neow_cost":"NONE","seed_source_timestamp":6516496690100,"circlet_count":0,"master_deck":["AscendersBane","Strike_B","Strike_B+1","Defend_B","Defend_B","Defend_B","Defend_B","Zap","Dualcast","Sweeping Beam","Doom and Gloom+1","Beam Cell+1","Turbo+1","Conserve Battery","Hologram","Sunder","Skim"],"relics":["Cracked Core","Dream Catcher","Whetstone","Vajra","Smiling Mask","PreservedInsect","OrangePellets"],"potions_floor_usage":[7,16,16],"damage_taken":[{"damage":10,"enemies":"Small Slimes","floor":1,"turns":4},{"damage":7,"enemies":"Jaw Worm","floor":2,"turns":3},{"damage":1,"enemies":"Cultist","floor":3,"turns":4},{"damage":11,"enemies":"Gremlin Nob","floor":7,"turns":3},{"damage":18,"enemies":"3 Sentries","floor":11,"turns":4},{"damage":9,"enemies":"Red Slaver","floor":12,"turns":2},{"damage":0,"enemies":"Exordium Thugs","floor":14,"turns":3},{"damage":43,"enemies":"The Guardian","floor":16,"turns":14}],"seed_played":"6633841406185374291","potions_obtained":[{"floor":1,"key":"FocusPotion"},{"floor":2,"key":"Energy Potion"},{"floor":11,"key":"DistilledChaos"},{"floor":12,"key":"Swift Potion"}],"is_trial":false,"path_per_floor":["M","M","M","?","T","R","E","R","T","R","E","M","$","M","R","B"],"character_chosen":"DEFECT","basemod:card_modifiers":[null,null,null,null,null,null,null,null,null,null,null,null,null,null,null,null,null],"items_purchased":["OrangePellets"],"campfire_rested":2,"item_purchase_floors":[13],"current_hp_per_floor":[54,47,46,39,39,60,49,49,49,49,31,22,22,22,43,0],"gold":71,"neow_bonus":"RANDOM_COMMON_RELIC","is_prod":false,"is_daily":false,"chose_seed":false,"campfire_upgraded":2,"win_rate":0,"timestamp":1724396128,"path_taken":["M","M","M","?","?","R","E","R","T","R","E","M","$","M","R","BOSS"],"build_version":"2022-12-18","purchased_purges":1,"victory":false,"max_hp_per_floor":[71,71,71,71,71,71,71,71,71,71,71,71,71,71,71,71],"relic_stats":{"OrangePellets":[0],"Dream Catcher":2,"counters":[8,37],"PreservedInsect":0,"Whetstone":["Doom and Gloom","Strike_B"],"Smiling Mask":25,"obtain_stats":[{"OrangePellets":13,"Dream Catcher":0,"Vajra":7,"PreservedInsect":11,"Whetstone":5,"Cracked Core":0,"Smiling Mask":9},{"OrangePellets":6,"Dream Catcher":0,"Vajra":4,"PreservedInsect":5,"Whetstone":3,"Cracked Core":0,"Smiling Mask":4},{"OrangePellets":20,"Dream Catcher":0,"Vajra":14,"PreservedInsect":18,"Whetstone":11,"Cracked Core":0,"Smiling Mask":14}]},"card_choices":[{"not_picked":["Static Discharge","Lockon"],"picked":"Sweeping Beam","floor":1},{"not_picked":["Rebound","Consume"],"picked":"Doom and Gloom","floor":2},{"not_picked":["Streamline","Rip and Tear"],"picked":"Beam Cell","floor":3},{"not_picked":["Hologram","Tempest"],"picked":"Turbo","floor":6},{"not_picked":["Redo","Static Discharge"],"picked":"Conserve Battery","floor":7},{"not_picked":["White Noise","Blizzard"],"picked":"Hologram","floor":11},{"not_picked":["Stack","Go for the Eyes"],"picked":"Sunder","floor":12},{"not_picked":["Stack","Go for the Eyes"],"picked":"Skim","floor":14}],"player_experience":818453,"relics_obtained":[{"floor":5,"key":"Whetstone"},{"floor":7,"key":"Vajra"},{"floor":9,"key":"Smiling Mask"},{"floor":11,"key":"PreservedInsect"}],"event_choices":[{"cards_removed":["Strike_B"],"damage_healed":0,"gold_gain":0,"player_choice":"Card Removal","damage_taken":7,"max_hp_gain":0,"max_hp_loss":0,"event_name":"Golden Wing","floor":4,"gold_loss":0}],"is_beta":false,"boss_relics":[],"items_purged_floors":[13],"is_endless":false,"potions_floor_spawned":[1,2,11,12],"killed_by":"The Guardian","ascension_level":20}