{"gold_per_floor":[115,115,115,126,25,56,56,88,157,157,157,0,33,43,43,43],"floor_reached":16,"playtime":223,"items_purged":["Defend_B","Strike_B"],"score":282,"play_id":"084daaf5-265c-485d-b057-f6a760340fca","local_time":"20240823175303","is_ascension_mode":true,"campfire_choices":[{"data":"Sweeping Beam","floor":7,"key":"SMITH"},{"floor":10,"key":"REST"},{"data":"Dualcast","floor":15,"key":"SMITH"}],"neow_cost":"NONE","seed_source_timestamp":13797404803600,"circlet_count":0,"master_deck":["AscendersBane","Strike_B+1","Strike_B","Strike_B","Defend_B","Defend_B","Defend_B","Zap+1","Dualcast+1","Sweeping Beam+1","Turbo","Compile Driver","Cold Snap","Compile Driver","Gash","Hologram","Scrape"],"relics":["Cracked Core","NeowsBlessing","Boot","Dream Catcher","Sundial","Frozen Egg 2","Eternal Feather","Question Card"],"potions_floor_usage":[13],"damage_taken":[{"damage":0,"enemies":"Cultist","floor":1,"turns":1},{"damage":0,"enemies":"Jaw Worm","floor":4,"turns":1},{"damage":0,"enemies":"Gremlin Nob","floor":6,"turns":1},{"damage":26,"enemies":"3 Sentries","floor":8,"turns":6},{"damage":8,"enemies":"Gremlin Nob","floor":13,"turns":3},{"damage":9,"enemies":"Small Slimes","floor":14,"turns":3},{"damage":33,"enemies":"Hexaghost","floor":16,"turns":7}],"seed_played":"3315061484363262709","potions_obtained":[{"floor":1,"key":"GamblersBrew"},{"floor":14,"key":"Energy Potion"}],"is_trial":false,"path_per_floor":["M","?","?","M","$","E","R","E","T","R","T","$","E","M","R","B"],"character_chosen":"DEFECT","basemod:card_modifiers":[null,null,null,null,null,null,null,null,null,null,null,null,null,null,null,null,null],"items_purchased":["Compile Driver","FearPotion"],"campfire_rested":1,"item_purchase_floors":[5,12],"current_hp_per_floor":[64,43,43,43,43,43,43,17,17,38,38,38,30,21,30,0],"gold":43,"neow_bonus":"THREE_ENEMY_KILL","is_prod":false,"is_daily":false,"chose_seed":false,"campfire_upgraded":2,"win_rate":0,"timestamp":1724403183,"path_taken":["M","?","?","?","$","E","R","E","T","R","?","$","E","M","R","BOSS"],"build_version":"2022-12-18","purchased_purges":2,"victory":false,"max_hp_per_floor":[71,71,71,71,71,71,71,71,71,71,71,71,71,71,71,71],"relic_stats":{"Dream Catcher":1,"counters":[7,22],"Sundial":[4],"Eternal Feather":9,"Boot":[7],"Question Card":1,"obtain_stats":[{"Dream Catcher":6,"NeowsBlessing":0,"Sundial":8,"Eternal Feather":11,"Frozen Egg 2":9,"Cracked Core":0,"Boot":3,"Question Card":13},{"Dream Catcher":3,"NeowsBlessing":0,"Sundial":4,"Eternal Feather":4,"Frozen Egg 2":4,"Cracked Core":0,"Boot":1,"Question Card":5},{"Dream Catcher":3,"NeowsBlessing":0,"Sundial":9,"Eternal Feather":9,"Frozen Egg 2":9,"Cracked Core":0,"Boot":1,"Question Card":12}]},"card_choices":[{"not_picked":["Fusion","Turbo"],"picked":"Sweeping Beam","floor":1},{"not_picked":["Redo","Double Energy"],"picked":"Turbo","floor":4},{"not_picked":["Compile Driver","Streamline"],"picked":"Cold Snap","floor":6},{"not_picked":["White Noise","Turbo"],"picked":"Compile Driver","floor":8},{"not_picked":["Cold Snap","Stack"],"picked":"Gash","floor":10},{"not_picked":["Reprogram","BootSequence"],"picked":"Hologram","floor":13},{"not_picked":["Cold Snap","Go for the Eyes","Stack"],"picked":"Scrape","floor":14}],"player_experience":825243,"relics_obtained":[{"floor":6,"key":"Dream Catcher"},{"floor":8,"key":"Sundial"},{"floor":9,"key":"Frozen Egg 2"},{"floor":11,"key":"Eternal Feather"},{"floor":13,"key":"Question Card"}],"event_choices":[{"damage_healed":0,"gold_gain":0,"player_choice":"Entered Light","damage_taken":21,"max_hp_gain":0,"max_hp_loss":0,"event_name":"Shining Light","floor":2,"gold_loss":0,"cards_upgraded":["Zap","Strike_B"]},{"damage_healed":0,"gold_gain":0,"player_choice":"Gave Potion","damage_taken":0,"relics_obtained":["Boot"],"max_hp_gain":0,"max_hp_loss":0,"event_name":"WeMeetAgain","floor":3,"gold_loss":0}],"is_beta":false,"boss_relics":[],"items_purged_floors":[5,12],"is_endless":false,"potions_floor_spawned":[1,14],"killed_by":"Hexaghost","ascension_level":20}