{"gold_per_floor":[109,109,109,28,28,57,57,76,76,94,109,119,133,149,149,228,228,238,258,267,8,29,29],"floor_reached":23,"playtime":547,"items_purged":[],"score":465,"play_id":"da4e52bc-4495-4ac5-91f7-3ed661f98875","local_time":"20240822192335","is_ascension_mode":true,"campfire_choices":[{"data":"All Out Attack","floor":7.0,"key":"SMITH"},{"data":"Bouncing Flask","floor":15.0,"key":"SMITH"}],"neow_cost":"NONE","seed_source_timestamp":6756815363900,"circlet_count":0,"master_deck":["AscendersBane","Strike_G","Strike_G","Strike_G","Strike_G","Defend_G","Defend_G","Defend_G","Defend_G","Defend_G","Survivor","Neutralize","Caltrops+1","All Out Attack+1","Terror","Bouncing Flask+1","Escape Plan","Acrobatics","Deflect","Tools of the Trade+1","CurseOfTheBell","Noxious Fumes+1","Blade Dance"],"special_seed":0,"relics":["Ring of the Snake","NeowsBlessing","Frozen Egg 2","CultistMask","StoneCalendar","Mummified Hand","Calling Bell","CeramicFish","The Courier","Mango","Lee\u0027s Waffle","PreservedInsect"],"potions_floor_usage":[],"damage_taken":[{"damage":0.0,"enemies":"2 Louse","floor":1.0,"turns":1.0},{"damage":0.0,"enemies":"Lagavulin","floor":6.0,"turns":1.0},{"damage":0.0,"enemies":"Jaw Worm","floor":8.0,"turns":1.0},{"damage":0.0,"enemies":"Cultist","floor":10.0,"turns":5.0},{"damage":0.0,"enemies":"Blue Slaver","floor":11.0,"turns":6.0},{"damage":2.0,"enemies":"Exordium Thugs","floor":12.0,"turns":4.0},{"damage":4.0,"enemies":"Looter","floor":13.0,"turns":4.0},{"damage":5.0,"enemies":"Blue Slaver","floor":14.0,"turns":4.0},{"damage":5.0,"enemies":"Hexaghost","floor":16.0,"turns":7.0},{"damage":10.0,"enemies":"Chosen","floor":18.0,"turns":5.0},{"damage":32.0,"enemies":"Spheric Guardian","floor":19.0,"turns":6.0},{"damage":41.0,"enemies":"Snake Plant","floor":22.0,"turns":5.0},{"damage":0,"enemies":"Gremlin Leader","floor":23,"turns":1}],"seed_played":"668308840718720852","potions_obtained":[{"floor":6.0,"key":"Fire Potion"},{"floor":8.0,"key":"Explosive Potion"},{"floor":14.0,"key":"DuplicationPotion"},{"floor":16.0,"key":"SteroidPotion"},{"floor":18.0,"key":"Fruit Juice"},{"floor":22.0,"key":"ColorlessPotion"}],"is_trial":false,"path_per_floor":["M","?","?","$","?","E","R","M","T","M","M","M","M","M","R","B",null,"M","M","?","$","M","E"],"character_chosen":"THE_SILENT","basemod:card_modifiers":[null,null,null,null,null,null,null,null,null,null,null,null,null,null,null,null,null,null,null,null,null,null,null],"items_purchased":["Caltrops+1","Lee\u0027s Waffle","PreservedInsect"],"campfire_rested":0,"item_purchase_floors":[4,21,21],"current_hp_per_floor":[59,59,33,33,33,33,33,33,33,33,33,31,27,22,22,17,68,58,26,26,87,51,51],"gold":29,"neow_bonus":"THREE_ENEMY_KILL","is_prod":false,"is_daily":false,"chose_seed":false,"campfire_upgraded":2,"win_rate":0,"timestamp":1724322215,"path_taken":["M","?","?","$","?","E","R","M","T","M","?","M","M","M","R","BOSS","M","M","?","?","?","E"],"build_version":"2022-12-18","purchased_purges":0,"victory":false,"max_hp_per_floor":[66,66,66,66,66,66,66,66,66,66,66,66,66,66,66,66,80,80,80,80,87,92,92],"relic_stats":{"Lee\u0027s Waffle":61,"counters":[13,50],"Mummified Hand":[8],"CeramicFish":18,"StoneCalendar":[45],"The Courier":65,"PreservedInsect":47,"obtain_stats":[{"Calling Bell":17,"Lee\u0027s Waffle":21,"NeowsBlessing":0,"Mummified Hand":9,"CeramicFish":17,"StoneCalendar":6,"Mango":17,"CultistMask":5,"The Courier":17,"PreservedInsect":21,"Frozen Egg 2":3,"Ring of the Snake":0},{"Calling Bell":9,"Lee\u0027s Waffle":11,"NeowsBlessing":0,"Mummified Hand":3,"CeramicFish":9,"StoneCalendar":2,"Mango":9,"CultistMask":1,"The Courier":9,"PreservedInsect":11,"Frozen Egg 2":1,"Ring of the Snake":0},{"Calling Bell":33,"Lee\u0027s Waffle":44,"NeowsBlessing":0,"Mummified Hand":3,"CeramicFish":33,"StoneCalendar":2,"Mango":33,"CultistMask":1,"The Courier":33,"PreservedInsect":44,"Frozen Egg 2":1,"Ring of the Snake":0}],"Ring of the Snake":[26]},"card_choices":[{"not_picked":["Dodge and Roll","PiercingWail","Slice"],"picked":"SKIP","floor":1.0},{"not_picked":["Deflect","Storm of Steel"],"picked":"All Out Attack","floor":6.0},{"not_picked":["Underhanded Strike","Dagger Throw"],"picked":"Terror","floor":8.0},{"not_picked":["Catalyst","Bane"],"picked":"Bouncing Flask","floor":10.0},{"not_picked":["Deadly Poison","Infinite Blades+1"],"picked":"Escape Plan","floor":11.0},{"not_picked":["Slice","Dodge and Roll"],"picked":"Acrobatics","floor":12.0},{"not_picked":["Quick Slash","Deflect","Glass Knife"],"picked":"SKIP","floor":13.0},{"not_picked":["Quick Slash","Glass Knife"],"picked":"Deflect","floor":13.0},{"not_picked":["Deflect","Acrobatics","Catalyst"],"picked":"SKIP","floor":14.0},{"not_picked":["Doppelganger","Adrenaline"],"picked":"Tools of the Trade+1","floor":16.0},{"not_picked":["Masterful Stab","Quick Slash","Blur"],"picked":"SKIP","floor":18.0},{"not_picked":["Blur","Underhanded Strike","Deflect"],"picked":"SKIP","floor":19.0},{"not_picked":["Slice","Calculated Gamble"],"picked":"Blade Dance","floor":22.0}],"player_experience":804655,"relics_obtained":[{"floor":6.0,"key":"StoneCalendar"},{"floor":9.0,"key":"Mummified Hand"},{"floor":17.0,"key":"CeramicFish"},{"floor":17.0,"key":"The Courier"},{"floor":17.0,"key":"Mango"}],"event_choices":[{"cards_removed":["Strike_G"],"damage_healed":0.0,"max_hp_gain":0.0,"max_hp_loss":0.0,"gold_gain":0.0,"event_name":"Living Wall","player_choice":"Forget","floor":2.0,"gold_loss":0.0,"damage_taken":0.0},{"damage_healed":0.0,"max_hp_gain":0.0,"max_hp_loss":0.0,"gold_gain":0.0,"event_name":"Scrap Ooze","player_choice":"Success","floor":3.0,"gold_loss":0.0,"damage_taken":26.0,"relics_obtained":["Frozen Egg 2"]},{"damage_healed":0.0,"max_hp_gain":0.0,"max_hp_loss":0.0,"gold_gain":0.0,"event_name":"FaceTrader","player_choice":"Trade","floor":5.0,"gold_loss":0.0,"damage_taken":0.0,"relics_obtained":["CultistMask"]},{"damage_healed":0.0,"max_hp_gain":0.0,"max_hp_loss":0.0,"gold_gain":0.0,"event_name":"The Library","player_choice":"Read","floor":20.0,"gold_loss":0.0,"damage_taken":0.0,"cards_obtained":["Noxious Fumes"]}],"is_beta":false,"boss_relics":[{"not_picked":["Philosopher\u0027s Stone","Velvet Choker"],"picked":"Calling Bell"}],"items_purged_floors":[],"is_endless":false,"potions_floor_spawned":[6,8,11,14,16,18,22],"killed_by":"Gremlin Leader","ascension_level":20}