{"gold_per_floor":[116,131,146,146,171,171,205,215,215,24,24,24,56,67,67,140,140,159,172,191,84,84,84],"floor_reached":23,"playtime":347,"items_purged":["Defend_B","Strike_B"],"score":402,"play_id":"b6cba343-2af1-418d-b475-eed6339ca41b","local_time":"20240823180407","is_ascension_mode":true,"campfire_choices":[{"data":"Static Discharge","floor":6.0,"key":"SMITH"},{"data":"Ball Lightning","floor":15,"key":"SMITH"}],"neow_cost":"NONE","seed_source_timestamp":14328692112000,"circlet_count":0,"master_deck":["AscendersBane","Strike_B","Strike_B","Strike_B","Defend_B","Defend_B","Defend_B","Zap","Dualcast","Static Discharge+1","Ball Lightning+1","Cold Snap","Compile Driver","Go for the Eyes","Parasite","Core Surge","CurseOfTheBell","Core Surge","Coolheaded+1","Ball Lightning+1"],"special_seed":0,"relics":["Cracked Core","NeowsBlessing","Juzu Bracelet","Sundial","Smiling Mask","Calling Bell","Nunchaku","Question Card","Lizard Tail"],"potions_floor_usage":[13,16,20],"damage_taken":[{"damage":0.0,"enemies":"Cultist","floor":1.0,"turns":1.0},{"damage":0.0,"enemies":"Small Slimes","floor":2.0,"turns":1.0},{"damage":0.0,"enemies":"Jaw Worm","floor":3.0,"turns":1.0},{"damage":29.0,"enemies":"3 Sentries","floor":7.0,"turns":6.0},{"damage":16,"enemies":"Exordium Thugs","floor":8,"turns":5},{"damage":4,"enemies":"Gremlin Nob","floor":13,"turns":3},{"damage":6,"enemies":"Looter","floor":14,"turns":2},{"damage":22,"enemies":"Hexaghost","floor":16,"turns":5},{"damage":45,"enemies":"3 Byrds","floor":18,"turns":6},{"damage":29,"enemies":"2 Thieves","floor":19,"turns":3},{"damage":20,"enemies":"Sentry and Sphere","floor":20,"turns":5},{"damage":13,"enemies":"Slavers","floor":23,"turns":1}],"seed_played":"4839660181603540266","potions_obtained":[{"floor":1.0,"key":"SteroidPotion"},{"floor":2.0,"key":"Swift Potion"},{"floor":14,"key":"Ancient Potion"},{"floor":19,"key":"Fire Potion"}],"is_trial":false,"path_per_floor":["M","M","M","?","T","R","E","M","T","$","?","?","E","M","R","B",null,"M","M","M","$","?","E"],"character_chosen":"DEFECT","basemod:card_modifiers":[null,null,null,null,null,null,null,null,null,null,null,null,null,null,null,null,null,null,null,null],"items_purchased":["Go for the Eyes","AttackPotion","Fire Potion"],"campfire_rested":0,"item_purchase_floors":[10,10,21],"current_hp_per_floor":[64,64,64,69,69,69,40,24,24,24,24,43,39,33,33,11,60,15,26,6,6,6,0],"gold":84,"neow_bonus":"THREE_ENEMY_KILL","is_prod":false,"is_daily":false,"chose_seed":false,"campfire_upgraded":2,"win_rate":0,"timestamp":1724403847,"path_taken":["M","M","?","?","?","R","E","M","T","$","?","?","E","M","R","BOSS","M","M","M","$","?","E"],"build_version":"2022-12-18","purchased_purges":2,"victory":false,"max_hp_per_floor":[71,71,71,76,76,76,76,76,76,76,76,76,76,76,76,76,76,76,76,76,76,76,76],"relic_stats":{"Nunchaku":[2],"Lizard Tail":38,"counters":[12,39],"Sundial":[2],"Juzu Bracelet":1,"Smiling Mask":50,"Question Card":3,"obtain_stats":[{"Calling Bell":17,"Nunchaku":17,"Lizard Tail":17,"NeowsBlessing":0,"Sundial":9,"Juzu Bracelet":5,"Cracked Core":0,"Smiling Mask":13,"Question Card":17},{"Calling Bell":8,"Nunchaku":8,"Lizard Tail":8,"NeowsBlessing":0,"Sundial":5,"Juzu Bracelet":3,"Cracked Core":0,"Smiling Mask":6,"Question Card":8},{"Calling Bell":24,"Nunchaku":24,"Lizard Tail":24,"NeowsBlessing":0,"Sundial":14,"Juzu Bracelet":3,"Cracked Core":0,"Smiling Mask":17,"Question Card":24}]},"card_choices":[{"not_picked":["Skim","Go for the Eyes"],"picked":"Static Discharge","floor":1.0},{"not_picked":["Redo","Beam Cell"],"picked":"Ball Lightning","floor":2.0},{"not_picked":["Steam Power","Tempest"],"picked":"Cold Snap","floor":3.0},{"not_picked":["Stack","Streamline","Amplify"],"picked":"SKIP","floor":7},{"not_picked":["Recycle","Coolheaded"],"picked":"Compile Driver","floor":8},{"not_picked":["Self Repair","Go for the Eyes","Compile Driver"],"picked":"SKIP","floor":13},{"not_picked":["Gash","Redo","Melter"],"picked":"SKIP","floor":14},{"not_picked":["Seek","Hyperbeam"],"picked":"Core Surge","floor":16},{"not_picked":["Beam Cell","Hologram","Sweeping Beam"],"picked":"Core Surge","floor":18},{"not_picked":["Go for the Eyes","Cold Snap","Reprogram"],"picked":"Coolheaded+1","floor":19},{"not_picked":["Gash","Heatsinks","Chill"],"picked":"Ball Lightning+1","floor":20}],"player_experience":825760,"relics_obtained":[{"floor":5.0,"key":"Juzu Bracelet"},{"floor":9,"key":"Sundial"},{"floor":13,"key":"Smiling Mask"},{"floor":17,"key":"Nunchaku"},{"floor":17,"key":"Question Card"},{"floor":17,"key":"Lizard Tail"}],"event_choices":[{"damage_healed":0.0,"max_hp_gain":5.0,"max_hp_loss":0.0,"gold_gain":0.0,"event_name":"Big Fish","player_choice":"Donut","floor":4.0,"gold_loss":0.0,"damage_taken":0.0},{"damage_healed":0,"gold_gain":0,"player_choice":"Fled","damage_taken":0,"max_hp_gain":0,"max_hp_loss":0,"event_name":"Scrap Ooze","floor":11,"gold_loss":0},{"damage_healed":19,"gold_gain":0,"player_choice":"Healed and dodged fight","damage_taken":0,"max_hp_gain":0,"max_hp_loss":0,"event_name":"Mushrooms","floor":12,"gold_loss":0,"cards_obtained":["Parasite"]}],"is_beta":false,"boss_relics":[{"not_picked":["Velvet Choker","Sozu"],"picked":"Calling Bell"}],"items_purged_floors":[10,21],"is_endless":false,"potions_floor_spawned":[1,2,14,19],"killed_by":"Slavers","ascension_level":20}