{"gold_per_floor":[210,210,8,18,37,64,64,64,64,105,105,105,105,148,148,148],"floor_reached":16,"playtime":419,"items_purged":["Regret"],"score":282,"play_id":"9438e3e9-5d81-45a7-ad3a-df47b818b49a","local_time":"20240823154752","is_ascension_mode":true,"campfire_choices":[{"floor":8,"key":"REST"},{"data":"Hyperbeam","floor":12,"key":"SMITH"},{"data":"Lockon","floor":15,"key":"SMITH"}],"neow_cost":"NONE","seed_source_timestamp":6080448439900,"circlet_count":0,"master_deck":["AscendersBane","Strike_B","Strike_B","Strike_B","Strike_B","Defend_B","Defend_B","Defend_B","Defend_B","Zap","Dualcast","Cold Snap","Lockon+1","Hyperbeam+1","Capacitor","Glacier","Darkness"],"special_seed":0,"relics":["Cracked Core","WingedGreaves","Membership Card","HornCleat","Golden Idol","Pear","Sundial","Girya"],"potions_floor_usage":[16,16],"damage_taken":[{"damage":4.0,"enemies":"Small Slimes","floor":1.0,"turns":3.0},{"damage":7,"enemies":"Jaw Worm","floor":4,"turns":4},{"damage":8,"enemies":"2 Louse","floor":5,"turns":2},{"damage":25,"enemies":"3 Sentries","floor":6,"turns":6},{"damage":38,"enemies":"Lagavulin","floor":10,"turns":8},{"damage":0,"enemies":"3 Sentries","floor":14,"turns":12},{"damage":16,"enemies":"Hexaghost","floor":16,"turns":9}],"seed_played":"-3686693853289055221","potions_obtained":[{"floor":5,"key":"GamblersBrew"},{"floor":10,"key":"Strength Potion"}],"is_trial":false,"path_per_floor":["M","?","$","M","M","E","?","R","T","E","T","R","?","E","R","B"],"character_chosen":"DEFECT","basemod:card_modifiers":[null,null,null,null,null,null,null,null,null,null,null,null,null,null,null,null,null],"items_purchased":["Membership Card"],"campfire_rested":1,"item_purchase_floors":[3],"current_hp_per_floor":[60,60,60,53,45,20,20,39,39,11,11,11,11,11,11,0],"gold":148,"neow_bonus":"HUNDRED_GOLD","is_prod":false,"is_daily":false,"chose_seed":false,"campfire_upgraded":2,"win_rate":0,"timestamp":1724395672,"path_taken":["M","?","$","M","M","E","?","R","T","E","?","R","?","E","R","BOSS"],"build_version":"2022-12-18","purchased_purges":1,"victory":false,"max_hp_per_floor":[71,71,71,71,71,71,64,64,64,74,74,74,74,74,74,74],"relic_stats":{"Girya":0,"counters":[7,44],"Golden Idol":17,"Sundial":[2],"WingedGreaves":2,"Membership Card":37,"obtain_stats":[{"Girya":14,"HornCleat":6,"Pear":10,"Golden Idol":7,"Sundial":11,"WingedGreaves":2,"Membership Card":3,"Cracked Core":0},{"Girya":6,"HornCleat":4,"Pear":5,"Golden Idol":4,"Sundial":5,"WingedGreaves":1,"Membership Card":1,"Cracked Core":0},{"Girya":35,"HornCleat":15,"Pear":23,"Golden Idol":15,"Sundial":23,"WingedGreaves":3,"Membership Card":3,"Cracked Core":0}]},"card_choices":[{"not_picked":["Stack","Heatsinks"],"picked":"Cold Snap","floor":1.0},{"not_picked":["Melter","Conserve Battery"],"picked":"Lockon","floor":4},{"not_picked":["Redo","Undo"],"picked":"Hyperbeam","floor":5},{"not_picked":["Conserve Battery","Stack"],"picked":"Capacitor","floor":6},{"not_picked":["Self Repair","Heatsinks"],"picked":"Glacier","floor":10},{"not_picked":["Gash","Sweeping Beam"],"picked":"Darkness","floor":14}],"player_experience":818034,"relics_obtained":[{"floor":6,"key":"HornCleat"},{"floor":10,"key":"Pear"},{"floor":11,"key":"Sundial"},{"floor":14,"key":"Girya"}],"event_choices":[{"damage_healed":0,"gold_gain":0,"player_choice":"Box","damage_taken":0,"relics_obtained":["WingedGreaves"],"max_hp_gain":0,"max_hp_loss":0,"event_name":"Big Fish","floor":2,"gold_loss":0,"cards_obtained":["Regret"]},{"damage_healed":0,"gold_gain":0,"player_choice":"Lose Max HP","damage_taken":0,"relics_obtained":["Golden Idol"],"max_hp_gain":0,"max_hp_loss":7,"event_name":"Golden Idol","floor":7,"gold_loss":0},{"damage_healed":0,"gold_gain":0,"player_choice":"Ignored","damage_taken":0,"max_hp_gain":0,"max_hp_loss":0,"event_name":"Shining Light","floor":13,"gold_loss":0}],"is_beta":false,"boss_relics":[],"items_purged_floors":[3],"is_endless":false,"potions_floor_spawned":[5,10,14],"killed_by":"Hexaghost","ascension_level":20}