{"gold_per_floor":[112,126,141,141,66,66,94,104,104,123,123,157,167,182,182,257,257,267,3,3,3,16,16,16],"floor_reached":24,"playtime":636,"items_purged":["Defend_G","Strike_G"],"score":416,"play_id":"86d260fd-d680-4f44-a473-4162962be369","local_time":"20240822193539","is_ascension_mode":true,"campfire_choices":[{"data":"Terror","floor":6.0,"key":"SMITH"},{"data":"Blade Dance","floor":11.0,"key":"SMITH"},{"data":"Reflex","floor":15.0,"key":"SMITH"},{"data":"Reflex","floor":23.0,"key":"SMITH"}],"neow_cost":"TEN_PERCENT_HP_LOSS","seed_source_timestamp":7468180948800,"circlet_count":0,"master_deck":["AscendersBane","Strike_G","Strike_G","Strike_G","Defend_G","Defend_G","Defend_G","Survivor","Neutralize","Blade Dance+1","Terror+1","Dagger Throw","Slice","Venomology","Blade Dance","Reflex+1","Acrobatics","Envenom","Concentrate","Escape Plan","Reflex+1"],"special_seed":0,"relics":["Ring of the Snake","FaceOfCleric","Nunchaku","Pantograph","Prayer Wheel","HoveringKite","OrangePellets"],"potions_floor_usage":[24],"damage_taken":[{"damage":0.0,"enemies":"Jaw Worm","floor":1.0,"turns":5.0},{"damage":0.0,"enemies":"Cultist","floor":2.0,"turns":3.0},{"damage":0.0,"enemies":"2 Louse","floor":3.0,"turns":3.0},{"damage":12.0,"enemies":"Lagavulin","floor":7.0,"turns":5.0},{"damage":16.0,"enemies":"Gremlin Gang","floor":8.0,"turns":4.0},{"damage":0.0,"enemies":"Blue Slaver","floor":10.0,"turns":2.0},{"damage":7.0,"enemies":"3 Sentries","floor":12.0,"turns":6.0},{"damage":2.0,"enemies":"3 Louse","floor":13.0,"turns":3.0},{"damage":0.0,"enemies":"Looter","floor":14.0,"turns":2.0},{"damage":30.0,"enemies":"Hexaghost","floor":16.0,"turns":6.0},{"damage":4.0,"enemies":"Shell Parasite","floor":18.0,"turns":4.0},{"damage":11.0,"enemies":"2 Thieves","floor":22.0,"turns":4.0},{"damage":5,"enemies":"Gremlin Leader","floor":24,"turns":4}],"seed_played":"3026560427595548576","potions_obtained":[{"floor":2.0,"key":"DistilledChaos"},{"floor":7.0,"key":"FearPotion"},{"floor":8.0,"key":"LiquidMemories"}],"is_trial":false,"path_per_floor":["M","M","M","?","$","R","E","M","T","M","R","E","M","M","R","B",null,"M","$","?","?","M","R","E"],"character_chosen":"THE_SILENT","basemod:card_modifiers":[null,null,null,null,null,null,null,null,null,null,null,null,null,null,null,null,null,null,null,null,null],"items_purchased":["OrangePellets"],"campfire_rested":0,"item_purchase_floors":[19],"current_hp_per_floor":[59,59,59,59,59,59,48,33,33,34,34,28,27,28,28,24,56,53,53,53,34,24,24,19],"gold":16,"neow_bonus":"REMOVE_TWO","is_prod":false,"is_daily":false,"chose_seed":false,"campfire_upgraded":4,"win_rate":0,"timestamp":1724322939,"path_taken":["M","M","M","?","?","R","E","M","T","?","R","E","M","M","R","BOSS","M","$","?","?","M","R","E"],"build_version":"2022-12-18","purchased_purges":2,"victory":false,"max_hp_per_floor":[60,60,60,60,60,60,61,62,62,63,63,64,65,66,66,67,67,68,68,68,73,74,74,74],"relic_stats":{"OrangePellets":[0],"Nunchaku":[13],"FaceOfCleric":9,"counters":[13,51],"Pantograph":25,"HoveringKite":[5],"Prayer Wheel":4,"obtain_stats":[{"OrangePellets":19,"Nunchaku":7,"FaceOfCleric":4,"Pantograph":9,"HoveringKite":17,"Prayer Wheel":12,"Ring of the Snake":0},{"OrangePellets":11,"Nunchaku":4,"FaceOfCleric":3,"Pantograph":5,"HoveringKite":10,"Prayer Wheel":7,"Ring of the Snake":0},{"OrangePellets":43,"Nunchaku":16,"FaceOfCleric":11,"Pantograph":20,"HoveringKite":39,"Prayer Wheel":28,"Ring of the Snake":0}],"Ring of the Snake":[26]},"card_choices":[{"not_picked":["Deflect","Outmaneuver"],"picked":"Blade Dance","floor":1.0},{"not_picked":["Outmaneuver","Acrobatics"],"picked":"Terror","floor":2.0},{"not_picked":["Backflip","Leg Sweep"],"picked":"Dagger Throw","floor":3.0},{"not_picked":["Crippling Poison","Riddle With Holes"],"picked":"Slice","floor":7.0},{"not_picked":["Acrobatics","Backflip"],"picked":"Venomology","floor":8.0},{"not_picked":["Deadly Poison","Dodge and Roll","Deflect"],"picked":"SKIP","floor":10.0},{"not_picked":["Masterful Stab","Dagger Spray"],"picked":"Blade Dance","floor":12.0},{"not_picked":["Bane","PiercingWail"],"picked":"Reflex","floor":13.0},{"not_picked":["Flying Knee","Backflip","Crippling Poison"],"picked":"SKIP","floor":13.0},{"not_picked":["Expertise","Backflip"],"picked":"Acrobatics","floor":14.0},{"not_picked":["Choke","Distraction","Backflip"],"picked":"SKIP","floor":14.0},{"not_picked":["Unload","Burst"],"picked":"Envenom","floor":16.0},{"not_picked":["Deadly Poison","Underhanded Strike","Dagger Spray"],"picked":"SKIP","floor":18.0},{"not_picked":["Sucker Punch+1","Blade Dance","Acrobatics"],"picked":"SKIP","floor":18.0},{"not_picked":["Underhanded Strike","Sucker Punch"],"picked":"Escape Plan","floor":22.0},{"not_picked":["Backflip","Caltrops"],"picked":"Reflex","floor":22.0}],"player_experience":805202,"relics_obtained":[{"floor":7.0,"key":"Nunchaku"},{"floor":9.0,"key":"Pantograph"},{"floor":12.0,"key":"Prayer Wheel"}],"event_choices":[{"damage_healed":0.0,"max_hp_gain":0.0,"max_hp_loss":0.0,"gold_gain":0.0,"event_name":"FaceTrader","player_choice":"Trade","floor":4.0,"gold_loss":0.0,"damage_taken":0.0,"relics_obtained":["FaceOfCleric"]},{"damage_healed":0.0,"max_hp_gain":0.0,"max_hp_loss":0.0,"gold_gain":0.0,"event_name":"The Library","player_choice":"Read","floor":20.0,"gold_loss":0.0,"damage_taken":0.0,"cards_obtained":["Concentrate"]},{"damage_healed":0.0,"max_hp_gain":5.0,"max_hp_loss":0.0,"gold_gain":0.0,"event_name":"Forgotten Altar","player_choice":"Shed Blood","floor":21.0,"gold_loss":0.0,"damage_taken":24.0}],"is_beta":false,"boss_relics":[{"not_picked":["Runic Dome","Ring of the Serpent"],"picked":"HoveringKite"}],"items_purged_floors":[5,19],"is_endless":false,"potions_floor_spawned":[2,7,8,14,18,22],"killed_by":"Gremlin Leader","ascension_level":20}