{"gold_per_floor":[367,76,86,99,115,148,148,162,185,185,215,226,226,261,261,333,333,348,365,1,1],"floor_reached":21,"playtime":523,"items_purged":["Strike_B","Defend_B"],"score":502,"play_id":"3bd903ed-3f0d-41ff-abab-3a004616279a","local_time":"20240823172342","is_ascension_mode":true,"campfire_choices":[{"data":"Defragment","floor":7,"key":"SMITH"},{"data":"Barrage","floor":13,"key":"SMITH"},{"data":"Dualcast","floor":15,"key":"SMITH"}],"neow_cost":"TEN_PERCENT_HP_LOSS","seed_source_timestamp":11735996995500,"circlet_count":0,"master_deck":["AscendersBane","Strike_B","Strike_B","Strike_B","Defend_B","Defend_B","Defend_B","Zap","Dualcast+1","Cold Snap","Reinforced Body","Barrage+1","Defragment+1","Coolheaded","Go for the Eyes","Ball Lightning","Compile Driver","Recycle"],"relics":["Cracked Core","Bronze Scales","WingedGreaves","Nunchaku","Mercury Hourglass","PreservedInsect","Smiling Mask","Philosopher\u0027s Stone","Toolbox"],"potions_floor_usage":[6,11,16],"damage_taken":[{"damage":2,"enemies":"Cultist","floor":1,"turns":4},{"damage":5,"enemies":"Small Slimes","floor":3,"turns":3},{"damage":0,"enemies":"Jaw Worm","floor":4,"turns":4},{"damage":1,"enemies":"Looter","floor":5,"turns":4},{"damage":8,"enemies":"Gremlin Nob","floor":6,"turns":3},{"damage":11,"enemies":"Exordium Wildlife","floor":8,"turns":4},{"damage":4,"enemies":"Lagavulin","floor":11,"turns":6},{"damage":5,"enemies":"Lots of Slimes","floor":12,"turns":2},{"damage":3,"enemies":"3 Sentries","floor":14,"turns":4},{"damage":0,"enemies":"Hexaghost","floor":16,"turns":8},{"damage":10,"enemies":"Spheric Guardian","floor":18,"turns":4},{"damage":27,"enemies":"2 Thieves","floor":19,"turns":3},{"damage":18,"enemies":"Snake Plant","floor":21,"turns":3}],"seed_played":"7027744729060091636","potions_obtained":[{"floor":3,"key":"PotionOfCapacity"},{"floor":8,"key":"SteroidPotion"}],"is_trial":false,"path_per_floor":["M","$","M","M","M","E","R","M","T","T","E","M","R","E","R","B",null,"M","M","$","M"],"character_chosen":"DEFECT","basemod:card_modifiers":[null,null,null,null,null,null,null,null,null,null,null,null,null,null,null,null,null,null],"items_purchased":["Bronze Scales","Fire Potion","Toolbox","Recycle","Energy Potion"],"campfire_rested":0,"item_purchase_floors":[2,2,20,20,20],"current_hp_per_floor":[62,62,57,57,56,48,48,37,37,37,33,28,28,25,25,25,54,44,17,17,0],"gold":1,"neow_bonus":"TWO_FIFTY_GOLD","is_prod":false,"is_daily":false,"chose_seed":false,"campfire_upgraded":3,"win_rate":0,"timestamp":1724401422,"path_taken":["M","$","M","M","M","E","R","M","T","?","E","M","R","E","R","BOSS","M","M","$","?"],"build_version":"2022-12-18","purchased_purges":2,"victory":false,"max_hp_per_floor":[64,64,64,64,64,64,64,64,64,64,64,64,64,64,64,64,64,64,64,64,64],"relic_stats":{"Nunchaku":[5],"counters":[13,51],"Bronze Scales":[118],"WingedGreaves":3,"PreservedInsect":33,"Smiling Mask":50,"obtain_stats":[{"Nunchaku":9,"Bronze Scales":2,"Toolbox":20,"Philosopher\u0027s Stone":17,"WingedGreaves":6,"PreservedInsect":11,"Cracked Core":0,"Smiling Mask":14,"Mercury Hourglass":10},{"Nunchaku":6,"Bronze Scales":1,"Toolbox":12,"Philosopher\u0027s Stone":10,"WingedGreaves":5,"PreservedInsect":7,"Cracked Core":0,"Smiling Mask":9,"Mercury Hourglass":6},{"Nunchaku":22,"Bronze Scales":4,"Toolbox":48,"Philosopher\u0027s Stone":41,"WingedGreaves":18,"PreservedInsect":27,"Cracked Core":0,"Smiling Mask":33,"Mercury Hourglass":22}],"Mercury Hourglass":[116]},"card_choices":[{"not_picked":["Beam Cell","Hologram"],"picked":"Cold Snap","floor":1},{"not_picked":["Turbo","Conserve Battery"],"picked":"Reinforced Body","floor":3},{"not_picked":["Loop","Rebound"],"picked":"Barrage","floor":4},{"not_picked":["Streamline","Reinforced Body"],"picked":"Defragment","floor":5},{"not_picked":["Rebound","Blizzard","Stack"],"picked":"SKIP","floor":6},{"not_picked":["Conserve Battery","Gash"],"picked":"Coolheaded","floor":8},{"not_picked":["Buffer","Aggregate"],"picked":"Go for the Eyes","floor":11},{"not_picked":["Stack","Sweeping Beam"],"picked":"Ball Lightning","floor":12},{"not_picked":["Ball Lightning","Stack","Chaos"],"picked":"SKIP","floor":14},{"not_picked":["Go for the Eyes","Chaos","Cold Snap"],"picked":"SKIP","floor":18},{"not_picked":["Coolheaded","Sweeping Beam"],"picked":"Compile Driver","floor":19}],"player_experience":823399,"relics_obtained":[{"floor":6,"key":"WingedGreaves"},{"floor":9,"key":"Nunchaku"},{"floor":10,"key":"Mercury Hourglass"},{"floor":11,"key":"PreservedInsect"},{"floor":14,"key":"Smiling Mask"}],"event_choices":[],"is_beta":false,"boss_relics":[{"not_picked":["Black Star","Coffee Dripper"],"picked":"Philosopher\u0027s Stone"}],"items_purged_floors":[2,20],"is_endless":false,"potions_floor_spawned":[3,4,5,8],"killed_by":"Snake Plant","ascension_level":20}