{"gold_per_floor":[112,112,127,146,166,166,166,166],"floor_reached":8,"playtime":187,"items_purged":[],"score":96,"play_id":"b4f7b0f1-f7dd-470f-be2a-150dd945c87c","local_time":"20240822230223","is_ascension_mode":true,"campfire_choices":[{"data":"Blade Dance","floor":6,"key":"SMITH"}],"neow_cost":"TEN_PERCENT_HP_LOSS","seed_source_timestamp":20402414840300,"circlet_count":0,"master_deck":["AscendersBane","Strike_G","Strike_G","Strike_G","Strike_G","Strike_G","Defend_G","Defend_G","Defend_G+1","Defend_G","Defend_G+1","Survivor","Neutralize","Blade Dance+1","After Image","Blade Dance"],"relics":["Ring of the Snake","Pocketwatch"],"potions_floor_usage":[5],"damage_taken":[{"damage":0,"enemies":"Small Slimes","floor":1,"turns":5},{"damage":0,"enemies":"2 Louse","floor":3,"turns":2},{"damage":0,"enemies":"Jaw Worm","floor":4,"turns":4},{"damage":2,"enemies":"Gremlin Gang","floor":5,"turns":6},{"damage":59,"enemies":"Gremlin Nob","floor":8,"turns":4}],"seed_played":"-3407000784011490325","potions_obtained":[{"floor":3,"key":"DuplicationPotion"}],"is_trial":false,"path_per_floor":["M","?","M","M","M","R","?","E"],"character_chosen":"THE_SILENT","basemod:card_modifiers":[null,null,null,null,null,null,null,null,null,null,null,null,null,null,null,null],"items_purchased":[],"campfire_rested":0,"item_purchase_floors":[],"current_hp_per_floor":[59,41,41,41,39,39,59,0],"gold":166,"neow_bonus":"ONE_RARE_RELIC","is_prod":false,"is_daily":false,"chose_seed":false,"campfire_upgraded":1,"win_rate":0,"timestamp":1724335343,"path_taken":["M","?","M","M","M","R","?","E"],"build_version":"2022-12-18","purchased_purges":0,"victory":false,"max_hp_per_floor":[60,60,60,60,60,60,60,60],"relic_stats":{"counters":[5,21],"obtain_stats":[{"Ring of the Snake":0,"Pocketwatch":0},{"Ring of the Snake":0,"Pocketwatch":0},{"Ring of the Snake":0,"Pocketwatch":0}],"Ring of the Snake":[10],"Pocketwatch":[18]},"card_choices":[{"not_picked":["Deflect","Quick Slash","Masterful Stab"],"picked":"SKIP","floor":1},{"not_picked":["Slice","Dagger Throw"],"picked":"Blade Dance","floor":3},{"not_picked":["Deflect","Choke"],"picked":"After Image","floor":4},{"not_picked":["Predator","Reflex"],"picked":"Blade Dance","floor":5}],"player_experience":806167,"relics_obtained":[],"event_choices":[{"damage_healed":0,"gold_gain":0,"player_choice":"Entered Light","damage_taken":18,"max_hp_gain":0,"max_hp_loss":0,"event_name":"Shining Light","floor":2,"gold_loss":0,"cards_upgraded":["Defend_G","Defend_G"]},{"damage_healed":20,"gold_gain":0,"player_choice":"Banana","damage_taken":0,"max_hp_gain":0,"max_hp_loss":0,"event_name":"Big Fish","floor":7,"gold_loss":0}],"is_beta":false,"boss_relics":[],"items_purged_floors":[],"is_endless":false,"potions_floor_spawned":[3],"killed_by":"Gremlin Nob","ascension_level":20}