{"gold_per_floor":[114,126,138,151,171,202,216,216,240,240,240,269,289,323,323,396,396,406,171,191,171,182,182,194,224,274,274,274],"floor_reached":28,"playtime":747,"items_purged":["Strike_B"],"score":574,"play_id":"4332082f-f716-4e6b-9d27-3fde151684a6","local_time":"20240823170745","is_ascension_mode":true,"campfire_choices":[{"data":"Recycle","floor":8,"key":"SMITH"},{"data":"Skim","floor":15,"key":"SMITH"},{"data":"Biased Cognition","floor":23,"key":"SMITH"}],"neow_cost":"NONE","seed_source_timestamp":10554683537200,"circlet_count":0,"master_deck":["AscendersBane","Strike_B","Strike_B","Strike_B","Defend_B","Defend_B","Defend_B","Defend_B","Zap","Dualcast","Streamline","Sweeping Beam","Conserve Battery","Go for the Eyes","Recycle+1","Ball Lightning","Biased Cognition+1","Reinforced Body","Skim+1","Electrodynamics","Turbo","BootSequence","Coolheaded","Double Energy"],"relics":["Cracked Core","NeowsBlessing","Torii","Akabeko","Eternal Feather","Orichalcum","Runic Pyramid","ClockworkSouvenir","Strawberry"],"potions_floor_usage":[6,6,14,25,25],"damage_taken":[{"damage":0,"enemies":"Small Slimes","floor":1,"turns":1},{"damage":0,"enemies":"Jaw Worm","floor":2,"turns":1},{"damage":0,"enemies":"Cultist","floor":3,"turns":1},{"damage":2,"enemies":"Exordium Wildlife","floor":4,"turns":4},{"damage":12,"enemies":"Exordium Thugs","floor":5,"turns":4},{"damage":15,"enemies":"Lagavulin","floor":6,"turns":7},{"damage":9,"enemies":"Lots of Slimes","floor":7,"turns":4},{"damage":6,"enemies":"Gremlin Nob","floor":12,"turns":3},{"damage":6,"enemies":"Large Slime","floor":13,"turns":3},{"damage":0,"enemies":"3 Sentries","floor":14,"turns":3},{"damage":3,"enemies":"The Guardian","floor":16,"turns":15},{"damage":13,"enemies":"Spheric Guardian","floor":18,"turns":4},{"damage":21,"enemies":"2 Thieves","floor":20,"turns":4},{"damage":1,"enemies":"Snecko","floor":22,"turns":5},{"damage":8,"enemies":"Snake Plant","floor":24,"turns":4},{"damage":16,"enemies":"Book of Stabbing","floor":25,"turns":5},{"damage":15,"enemies":"Shelled Parasite and Fungi","floor":28,"turns":2}],"seed_played":"-536082996545363155","potions_obtained":[{"floor":2,"key":"Block Potion"},{"floor":5,"key":"Block Potion"},{"floor":12,"key":"AttackPotion"},{"floor":13,"key":"Swift Potion"},{"floor":14,"key":"DuplicationPotion"}],"is_trial":false,"path_per_floor":["M","M","M","M","M","E","M","R","T","?","?","E","M","E","R","B",null,"M","$","M","?","M","R","M","E","T","?","M"],"character_chosen":"DEFECT","basemod:card_modifiers":[null,null,null,null,null,null,null,null,null,null,null,null,null,null,null,null,null,null,null,null,null,null,null,null],"items_purchased":["ClockworkSouvenir"],"campfire_rested":0,"item_purchase_floors":[19],"current_hp_per_floor":[64,64,64,62,50,35,26,26,26,26,26,20,14,14,26,23,59,46,46,25,25,24,36,28,12,19,13,0],"gold":274,"neow_bonus":"THREE_ENEMY_KILL","is_prod":false,"is_daily":false,"chose_seed":false,"campfire_upgraded":3,"win_rate":0,"timestamp":1724400465,"path_taken":["M","M","M","M","M","E","M","R","T","?","?","E","M","E","R","BOSS","M","$","M","?","M","R","?","E","T","?","M"],"build_version":"2022-12-18","purchased_purges":1,"victory":false,"max_hp_per_floor":[71,71,71,71,71,71,71,71,71,71,71,71,71,71,71,71,71,71,71,71,71,71,71,71,71,78,78,78],"relic_stats":{"Torii":32,"counters":[17,70],"Eternal Feather":24,"Orichalcum":[66],"obtain_stats":[{"NeowsBlessing":0,"Torii":6,"Strawberry":26,"Eternal Feather":12,"Orichalcum":14,"Cracked Core":0,"Akabeko":9,"Runic Pyramid":17,"ClockworkSouvenir":19},{"NeowsBlessing":0,"Torii":6,"Strawberry":16,"Eternal Feather":8,"Orichalcum":10,"Cracked Core":0,"Akabeko":7,"Runic Pyramid":11,"ClockworkSouvenir":12},{"NeowsBlessing":0,"Torii":18,"Strawberry":68,"Eternal Feather":25,"Orichalcum":31,"Cracked Core":0,"Akabeko":22,"Runic Pyramid":46,"ClockworkSouvenir":50}]},"card_choices":[{"not_picked":["Storm","Sweeping Beam"],"picked":"Streamline","floor":1},{"not_picked":["Loop","Fission"],"picked":"Sweeping Beam","floor":2},{"not_picked":["Tempest","Static Discharge"],"picked":"Conserve Battery","floor":3},{"not_picked":["Barrage","Aggregate"],"picked":"Go for the Eyes","floor":4},{"not_picked":["Heatsinks","Coolheaded"],"picked":"Recycle","floor":5},{"not_picked":["Hologram","FTL"],"picked":"Ball Lightning","floor":6},{"not_picked":["Storm","Coolheaded"],"picked":"Biased Cognition","floor":7},{"not_picked":["Auto Shields","Hologram"],"picked":"Reinforced Body","floor":12},{"not_picked":["Scrape","Steam","Darkness"],"picked":"SKIP","floor":13},{"not_picked":["Hello World","Blizzard"],"picked":"Skim","floor":14},{"not_picked":["Seek","Machine Learning"],"picked":"Electrodynamics","floor":16},{"not_picked":["Go for the Eyes","Leap"],"picked":"Turbo","floor":18},{"not_picked":["Auto Shields","Stack+1"],"picked":"BootSequence","floor":20},{"not_picked":["White Noise","Conserve Battery","Tempest"],"picked":"SKIP","floor":22},{"not_picked":["Melter","Cold Snap"],"picked":"Coolheaded","floor":24},{"not_picked":["Steam Power","Rip and Tear"],"picked":"Double Energy","floor":25}],"player_experience":822238,"relics_obtained":[{"floor":6,"key":"Torii"},{"floor":9,"key":"Akabeko"},{"floor":12,"key":"Eternal Feather"},{"floor":14,"key":"Orichalcum"},{"floor":26,"key":"Strawberry"}],"event_choices":[{"damage_healed":0,"gold_gain":0,"player_choice":"Searched \u00270\u0027 times","damage_taken":0,"max_hp_gain":0,"max_hp_loss":0,"event_name":"Dead Adventurer","floor":10,"gold_loss":0},{"damage_healed":0,"gold_gain":0,"player_choice":"Fled","damage_taken":0,"max_hp_gain":0,"max_hp_loss":0,"event_name":"Scrap Ooze","floor":11,"gold_loss":0},{"damage_healed":0,"gold_gain":0,"player_choice":"Bought 1 Potion","damage_taken":0,"max_hp_gain":0,"max_hp_loss":0,"event_name":"The Woman in Blue","floor":21,"gold_loss":0},{"damage_healed":0,"gold_gain":0,"player_choice":"","damage_taken":6,"max_hp_gain":0,"max_hp_loss":0,"event_name":"Knowing Skull","floor":27,"potions_obtained":[],"gold_loss":0,"cards_obtained":[]}],"is_beta":false,"boss_relics":[{"not_picked":["Runic Dome","Busted Crown"],"picked":"Runic Pyramid"}],"items_purged_floors":[19],"is_endless":false,"potions_floor_spawned":[2,5,12,13,14,16,20],"killed_by":"Shelled Parasite and Fungi","ascension_level":20}