{"gold_per_floor":[116,132,132,147,166,166,125,125,125,139,139],"floor_reached":11,"playtime":233,"items_purged":[],"score":134,"play_id":"38889d03-68b0-4004-b6ea-0b6b5d0541c7","local_time":"20240823160004","is_ascension_mode":true,"campfire_choices":[{"floor":6.0,"key":"REST"}],"neow_cost":"TEN_PERCENT_HP_LOSS","seed_source_timestamp":6971938506900,"circlet_count":0,"master_deck":["AscendersBane","Strike_B","Strike_B","Strike_B","Defend_B","Defend_B","Defend_B","Defend_B","Zap","Dualcast","Secret Technique","Sweeping Beam","Barrage","Beam Cell","Darkness","Electrodynamics","Capacitor","FTL"],"special_seed":0,"relics":["Cracked Core","Orichalcum"],"potions_floor_usage":[11],"damage_taken":[{"damage":12.0,"enemies":"Jaw Worm","floor":1.0,"turns":2.0},{"damage":1.0,"enemies":"Cultist","floor":2.0,"turns":3.0},{"damage":10.0,"enemies":"Small Slimes","floor":4.0,"turns":3.0},{"damage":20.0,"enemies":"Red Slaver","floor":5.0,"turns":4.0},{"damage":11.0,"enemies":"Exordium Thugs","floor":7.0,"turns":5.0},{"damage":5,"enemies":"3 Louse","floor":10,"turns":4},{"damage":28,"enemies":"Lagavulin","floor":11,"turns":3}],"seed_played":"8223342757509113860","potions_obtained":[{"floor":1.0,"key":"Ancient Potion"},{"floor":5.0,"key":"Ancient Potion"},{"floor":10,"key":"AttackPotion"}],"is_trial":false,"path_per_floor":["M","M","?","M","M","R","M","?","T","M","E"],"character_chosen":"DEFECT","basemod:card_modifiers":[null,null,null,null,null,null,null,null,null,null,null,null,null,null,null,null,null,null],"items_purchased":[],"campfire_rested":1,"item_purchase_floors":[],"current_hp_per_floor":[52,51,51,41,21,40,29,29,29,24,0],"gold":139,"neow_bonus":"RANDOM_COLORLESS_2","is_prod":false,"is_daily":false,"chose_seed":false,"campfire_upgraded":0,"win_rate":0,"timestamp":1724396404,"path_taken":["M","M","?","M","M","R","M","?","T","?","E"],"build_version":"2022-12-18","purchased_purges":0,"victory":false,"max_hp_per_floor":[64,64,64,64,64,64,64,64,64,64,64],"relic_stats":{"counters":[7,24],"Orichalcum":[36],"obtain_stats":[{"Orichalcum":9,"Cracked Core":0},{"Orichalcum":5,"Cracked Core":0},{"Orichalcum":17,"Cracked Core":0}]},"card_choices":[{"not_picked":["Secret Weapon","Thinking Ahead"],"picked":"Secret Technique","floor":0.0},{"not_picked":["Fusion","Hologram"],"picked":"Sweeping Beam","floor":1.0},{"not_picked":["Consume","Go for the Eyes"],"picked":"Barrage","floor":2.0},{"not_picked":["Rebound","Storm"],"picked":"Beam Cell","floor":4.0},{"not_picked":["Blizzard","Steam","Redo"],"picked":"SKIP","floor":5.0},{"not_picked":["Go for the Eyes","Capacitor"],"picked":"Darkness","floor":7.0},{"not_picked":["Go for the Eyes","Lockon"],"picked":"FTL","floor":10}],"player_experience":818901,"relics_obtained":[{"floor":9,"key":"Orichalcum"}],"event_choices":[{"cards_removed":["Strike_B"],"damage_healed":0.0,"max_hp_gain":0.0,"max_hp_loss":0.0,"gold_gain":0.0,"event_name":"Living Wall","player_choice":"Forget","floor":3.0,"gold_loss":0.0,"damage_taken":0.0},{"damage_healed":0,"gold_gain":0,"player_choice":"2 cards matched","damage_taken":0,"max_hp_gain":0,"max_hp_loss":0,"event_name":"Match and Keep!","floor":8,"gold_loss":0,"cards_obtained":["Electrodynamics","Capacitor"]}],"is_beta":false,"boss_relics":[],"items_purged_floors":[],"is_endless":false,"potions_floor_spawned":[1,5,10],"killed_by":"Lagavulin","ascension_level":20}