{"gold_per_floor":[109,109,119,137,137,163,163,175,175,210,225,15,15],"floor_reached":13,"playtime":294,"items_purged":["Defend_B"],"score":240,"play_id":"1bfbd11d-241d-419e-8eaa-ece610459afe","local_time":"20240823175804","is_ascension_mode":true,"campfire_choices":[{"floor":7,"key":"REST"}],"neow_cost":"TEN_PERCENT_HP_LOSS","seed_source_timestamp":14027266252400,"circlet_count":0,"master_deck":["AscendersBane","Strike_B","Strike_B","Strike_B","Strike_B","Defend_B","Defend_B","Defend_B+1","Zap","Dualcast","Core Surge","Gash+1","Tempest","Conserve Battery","Turbo","Auto Shields+1","Streamline","Hologram+1","Barrage"],"relics":["Cracked Core","Toxic Egg 2","StrikeDummy"],"potions_floor_usage":[6,11,11],"damage_taken":[{"damage":10,"enemies":"Small Slimes","floor":1,"turns":3},{"damage":7,"enemies":"Jaw Worm","floor":3,"turns":2},{"damage":1,"enemies":"Cultist","floor":4,"turns":3},{"damage":0,"enemies":"3 Sentries","floor":6,"turns":3},{"damage":7,"enemies":"Large Slime","floor":8,"turns":5},{"damage":34,"enemies":"Lagavulin","floor":10,"turns":7},{"damage":0,"enemies":"Gremlin Gang","floor":11,"turns":3},{"damage":8,"enemies":"Exordium Thugs","floor":13,"turns":2}],"seed_played":"7397775264391232534","potions_obtained":[{"floor":3,"key":"AttackPotion"},{"floor":4,"key":"SteroidPotion"},{"floor":6,"key":"SteroidPotion"}],"is_trial":false,"path_per_floor":["M","?","M","M","?","E","R","M","T","E","M","$","M"],"character_chosen":"DEFECT","basemod:card_modifiers":[null,null,null,null,null,null,null,null,null,null,null,null,null,null,null,null,null,null,null],"items_purchased":["Hologram+1","FearPotion","Barrage"],"campfire_rested":1,"item_purchase_floors":[12,12,12],"current_hp_per_floor":[54,35,28,27,27,27,46,39,39,5,5,5,0],"gold":15,"neow_bonus":"THREE_RARE_CARDS","is_prod":false,"is_daily":false,"chose_seed":false,"campfire_upgraded":0,"win_rate":0,"timestamp":1724403484,"path_taken":["M","?","M","M","?","E","R","M","T","E","M","?","?"],"build_version":"2022-12-18","purchased_purges":1,"victory":false,"max_hp_per_floor":[64,64,64,64,64,64,64,64,64,64,64,64,64],"relic_stats":{"counters":[8,28],"obtain_stats":[{"Toxic Egg 2":9,"Cracked Core":0,"StrikeDummy":10},{"Toxic Egg 2":5,"Cracked Core":0,"StrikeDummy":6},{"Toxic Egg 2":16,"Cracked Core":0,"StrikeDummy":23}]},"card_choices":[{"not_picked":["Echo Form","Hyperbeam"],"picked":"Core Surge","floor":0},{"not_picked":["Coolheaded","Capacitor"],"picked":"Gash","floor":1},{"not_picked":["Steam Power","Sunder"],"picked":"Tempest","floor":3},{"not_picked":["Compile Driver","Hologram"],"picked":"Conserve Battery","floor":4},{"not_picked":["Leap","Lockon"],"picked":"Turbo","floor":6},{"not_picked":["Beam Cell","Chill","Multi-Cast"],"picked":"SKIP","floor":8},{"not_picked":["Compile Driver","Sweeping Beam"],"picked":"Auto Shields+1","floor":10},{"not_picked":["Undo+1","Turbo+1"],"picked":"Streamline","floor":11}],"player_experience":825466,"relics_obtained":[{"floor":9,"key":"Toxic Egg 2"},{"floor":10,"key":"StrikeDummy"}],"event_choices":[{"damage_healed":0,"gold_gain":0,"player_choice":"Entered Light","damage_taken":19,"max_hp_gain":0,"max_hp_loss":0,"event_name":"Shining Light","floor":2,"gold_loss":0,"cards_upgraded":["Defend_B","Gash"]},{"damage_healed":0,"gold_gain":0,"player_choice":"Fled","damage_taken":0,"max_hp_gain":0,"max_hp_loss":0,"event_name":"Scrap Ooze","floor":5,"gold_loss":0}],"is_beta":false,"boss_relics":[],"items_purged_floors":[12],"is_endless":false,"potions_floor_spawned":[3,4,6],"killed_by":"Exordium Thugs","ascension_level":20}