{"gold_per_floor":[118,118,43,56,1,31,31,48,48,59,13,24,36,71,71,142,142,152,202,218,234,253,253,280,280],"floor_reached":25,"playtime":618,"items_purged":["Strike_B"],"score":620,"play_id":"a8b659f1-e40a-4282-85f5-ef4fe04235c1","local_time":"20240823165302","is_ascension_mode":true,"campfire_choices":[{"data":"Creative AI","floor":7.0,"key":"SMITH"},{"data":"Chaos","floor":15.0,"key":"SMITH"},{"data":"Biased Cognition","floor":23,"key":"SMITH"}],"neow_cost":"NONE","seed_source_timestamp":9738555114100,"circlet_count":0,"master_deck":["AscendersBane","Strike_B","Strike_B+1","Strike_B+1","Defend_B","Defend_B","Defend_B","Defend_B","Zap","Dualcast","Streamline","Cold Snap","Creative AI+1","Turbo","Ball Lightning","Biased Cognition+1","Chaos+1","Seek","Self Repair+1","Barrage+1","FTL","Multi-Cast"],"special_seed":0,"relics":["Cracked Core","NeowsBlessing","Turnip","Thread and Needle","Omamori","Calling Bell","Lantern","Meat on the Bone","FossilizedHelix","Centennial Puzzle"],"potions_floor_usage":[24,24],"damage_taken":[{"damage":0.0,"enemies":"2 Louse","floor":1.0,"turns":1.0},{"damage":0.0,"enemies":"Jaw Worm","floor":4.0,"turns":1.0},{"damage":0.0,"enemies":"Gremlin Nob","floor":6.0,"turns":1.0},{"damage":5.0,"enemies":"Small Slimes","floor":8.0,"turns":3.0},{"damage":7.0,"enemies":"Blue Slaver","floor":10.0,"turns":3.0},{"damage":2.0,"enemies":"2 Fungi Beasts","floor":12.0,"turns":3.0},{"damage":0.0,"enemies":"Lots of Slimes","floor":13.0,"turns":1.0},{"damage":16.0,"enemies":"Lagavulin","floor":14.0,"turns":6.0},{"damage":0,"enemies":"Hexaghost","floor":16,"turns":9},{"damage":3,"enemies":"Shell Parasite","floor":18,"turns":3},{"damage":19,"enemies":"3 Byrds","floor":20,"turns":5},{"damage":6,"enemies":"Centurion and Healer","floor":21,"turns":7},{"damage":13,"enemies":"Sentry and Sphere","floor":22,"turns":7},{"damage":41,"enemies":"Book of Stabbing","floor":24,"turns":5},{"damage":47,"enemies":"Shelled Parasite and Fungi","floor":25,"turns":5}],"seed_played":"-1994245018969030806","potions_obtained":[{"floor":1.0,"key":"Energy Potion"},{"floor":8.0,"key":"AttackPotion"},{"floor":13.0,"key":"Dexterity Potion"},{"floor":24,"key":"BlessingOfTheForge"}],"is_trial":false,"path_per_floor":["M","?","$","M","$","E","R","M","T","M","?","M","M","E","R","B",null,"M","?","M","M","M","R","E","M"],"character_chosen":"DEFECT","basemod:card_modifiers":[null,null,null,null,null,null,null,null,null,null,null,null,null,null,null,null,null,null,null,null,null,null],"items_purchased":["Cold Snap"],"campfire_rested":0,"item_purchase_floors":[5],"current_hp_per_floor":[64,43,43,43,43,43,43,38,38,31,31,29,29,13,13,13,57,54,54,57,61,58,58,39,0],"gold":280,"neow_bonus":"THREE_ENEMY_KILL","is_prod":false,"is_daily":false,"chose_seed":false,"campfire_upgraded":3,"win_rate":0,"timestamp":1724399582,"path_taken":["M","?","$","M","$","E","R","M","T","M","?","M","M","E","R","BOSS","M","?","M","M","M","R","E","M"],"build_version":"2022-12-18","purchased_purges":1,"victory":false,"max_hp_per_floor":[71,71,71,71,71,71,71,71,71,71,71,71,71,71,71,71,71,71,71,71,71,71,71,71,71],"relic_stats":{"Centennial Puzzle":[3],"counters":[15,60],"Turnip":[14],"Omamori":1,"obtain_stats":[{"Calling Bell":17,"Lantern":17,"Centennial Puzzle":24,"NeowsBlessing":0,"Thread and Needle":9,"Turnip":6,"Omamori":14,"Cracked Core":0,"FossilizedHelix":17,"Meat on the Bone":17},{"Calling Bell":9,"Lantern":9,"Centennial Puzzle":14,"NeowsBlessing":0,"Thread and Needle":4,"Turnip":3,"Omamori":8,"Cracked Core":0,"FossilizedHelix":9,"Meat on the Bone":9},{"Calling Bell":28,"Lantern":28,"Centennial Puzzle":55,"NeowsBlessing":0,"Thread and Needle":6,"Turnip":3,"Omamori":19,"Cracked Core":0,"FossilizedHelix":28,"Meat on the Bone":28}],"FossilizedHelix":[48],"Meat on the Bone":24},"card_choices":[{"not_picked":["Defragment","Glacier"],"picked":"Streamline","floor":1.0},{"not_picked":["Conserve Battery","Rebound","Stack"],"picked":"SKIP","floor":4.0},{"not_picked":["Force Field","Cold Snap"],"picked":"Creative AI","floor":6.0},{"not_picked":["Beam Cell","BootSequence"],"picked":"Turbo","floor":8.0},{"not_picked":["Storm","Compile Driver"],"picked":"Ball Lightning","floor":10.0},{"not_picked":["Sunder","Scrape","Reprogram"],"picked":"SKIP","floor":12.0},{"not_picked":["Compile Driver","Conserve Battery"],"picked":"Biased Cognition","floor":13.0},{"not_picked":["Beam Cell","Compile Driver"],"picked":"Chaos","floor":14.0},{"not_picked":["Buffer","Thunder Strike"],"picked":"Seek","floor":16},{"not_picked":["Defragment","Turbo"],"picked":"Self Repair+1","floor":18},{"not_picked":["Sunder+1","Turbo"],"picked":"Barrage+1","floor":20},{"not_picked":["Turbo","Melter","Conserve Battery"],"picked":"SKIP","floor":21},{"not_picked":["Blizzard","Redo"],"picked":"FTL","floor":22},{"not_picked":["Beam Cell","Rebound"],"picked":"Multi-Cast","floor":24}],"player_experience":821499,"relics_obtained":[{"floor":6.0,"key":"Turnip"},{"floor":9.0,"key":"Thread and Needle"},{"floor":14.0,"key":"Omamori"},{"floor":17,"key":"Lantern"},{"floor":17,"key":"Meat on the Bone"},{"floor":17,"key":"FossilizedHelix"},{"floor":24,"key":"Centennial Puzzle"}],"event_choices":[{"damage_healed":0.0,"max_hp_gain":0.0,"max_hp_loss":0.0,"gold_gain":0.0,"event_name":"Shining Light","player_choice":"Entered Light","floor":2.0,"gold_loss":0.0,"damage_taken":21.0,"cards_upgraded":["Strike_B","Strike_B"]},{"damage_healed":0.0,"max_hp_gain":0.0,"max_hp_loss":0.0,"gold_gain":0.0,"event_name":"World of Goop","player_choice":"Left Gold","floor":11.0,"gold_loss":46.0,"damage_taken":0.0},{"damage_healed":0,"gold_gain":50,"player_choice":"Stole From Cult","damage_taken":0,"max_hp_gain":0,"max_hp_loss":0,"event_name":"Nest","floor":19,"gold_loss":0}],"is_beta":false,"boss_relics":[{"not_picked":["Snecko Eye","Sozu"],"picked":"Calling Bell"}],"items_purged_floors":[3],"is_endless":false,"potions_floor_spawned":[1,8,12,13,14,22,24],"killed_by":"Shelled Parasite and Fungi","ascension_level":20}