{"gold_per_floor":[110,110,121,139,139,139,149,149,149,149,160,160,85,85,85,164,164,184,200,200,219,39,39,58,58,58,87,106,106,140,140,140,217,217,236,247,267,279,298,298,330,330,330,355,355,355,355,369,369,369,369],"floor_reached":51,"playtime":1659,"items_purged":["Strike_G","Strike_G"],"score":1414,"play_id":"027e3884-799e-4196-b45d-e4d0b7fe4965","local_time":"20240822234700","is_ascension_mode":true,"campfire_choices":[{"data":"Dagger Spray","floor":6.0,"key":"SMITH"},{"data":"Dagger Throw","floor":8.0,"key":"SMITH"},{"floor":10.0,"key":"REST"},{"data":"Neutralize","floor":15.0,"key":"SMITH"},{"data":"Ghostly","floor":23,"key":"SMITH"},{"data":"Tactician","floor":25,"key":"SMITH"},{"data":"Prepared","floor":29,"key":"SMITH"},{"floor":32,"key":"REST"},{"data":"A Thousand Cuts","floor":40,"key":"SMITH"},{"data":"Ghostly","floor":42,"key":"SMITH"},{"data":"Ghostly","floor":46,"key":"SMITH"},{"data":"Panache","floor":49,"key":"SMITH"}],"neow_cost":"TEN_PERCENT_HP_LOSS","seed_source_timestamp":21586048681700,"circlet_count":0,"master_deck":["AscendersBane","Strike_G","Strike_G","Strike_G","Defend_G","Defend_G","Defend_G","Defend_G","Defend_G","Survivor","Neutralize+1","Panache+1","Dagger Spray+1","Dagger Throw+1","Escape Plan","After Image","Ghostly+1","Ghostly+1","Ghostly+1","Tactician+1","Endless Agony","Prepared+1","Backflip","Adrenaline","Escape Plan","Concentrate+1","A Thousand Cuts+1","Footwork+1","Acrobatics+1"],"special_seed":0,"relics":["Ring of the Snake","StoneCalendar","Gremlin Horn","Runic Pyramid","Mercury Hourglass","Singing Bowl","Incense Burner","Nloth\u0027s Gift","Cursed Key","Eternal Feather","Calipers"],"potions_floor_usage":[19,24,24,30,33,33,51],"damage_taken":[{"damage":1.0,"enemies":"2 Louse","floor":1.0,"turns":3.0},{"damage":0.0,"enemies":"Cultist","floor":3.0,"turns":4.0},{"damage":0.0,"enemies":"Jaw Worm","floor":4.0,"turns":6.0},{"damage":9.0,"enemies":"2 Fungi Beasts","floor":7.0,"turns":3.0},{"damage":1.0,"enemies":"Looter","floor":11.0,"turns":3.0},{"damage":47.0,"enemies":"Slime Boss","floor":16.0,"turns":10.0},{"damage":16,"enemies":"3 Byrds","floor":18,"turns":6},{"damage":1,"enemies":"2 Thieves","floor":19,"turns":4},{"damage":4,"enemies":"Shelled Parasite and Fungi","floor":21,"turns":7},{"damage":6,"enemies":"Snecko","floor":24,"turns":7},{"damage":13,"enemies":"Book of Stabbing","floor":27,"turns":7},{"damage":3,"enemies":"Snake Plant","floor":28,"turns":6},{"damage":0,"enemies":"Slavers","floor":30,"turns":4},{"damage":9,"enemies":"Automaton","floor":33,"turns":11},{"damage":0,"enemies":"Orb Walker","floor":35,"turns":4},{"damage":0,"enemies":"3 Darklings","floor":36,"turns":4},{"damage":0,"enemies":"Transient","floor":37,"turns":6},{"damage":0,"enemies":"Sphere and 2 Shapes","floor":38,"turns":4},{"damage":0,"enemies":"4 Shapes","floor":39,"turns":4},{"damage":0,"enemies":"Nemesis","floor":41,"turns":7},{"damage":2,"enemies":"Mind Bloom Boss Battle","floor":44,"turns":7},{"damage":0,"enemies":"Writhing Mass","floor":48,"turns":7},{"damage":6,"enemies":"Donu and Deca","floor":50,"turns":9},{"damage":28,"enemies":"Time Eater","floor":51,"turns":13}],"seed_played":"1167978259686976951","potions_obtained":[{"floor":1.0,"key":"Poison Potion"},{"floor":16.0,"key":"CunningPotion"},{"floor":18,"key":"AttackPotion"},{"floor":27,"key":"PowerPotion"},{"floor":28,"key":"SkillPotion"},{"floor":30,"key":"LiquidMemories"},{"floor":38,"key":"SpeedPotion"},{"floor":44,"key":"Energy Potion"}],"is_trial":false,"path_per_floor":["M","?","M","M","?","R","M","R","T","R","M","T","$","?","R","B",null,"M","M","?","M","$","R","M","R","T","E","M","R","E","?","R","B",null,"M","M","M","M","M","R","E","R","T","?","?","R","?","M","R","B","B"],"character_chosen":"THE_SILENT","basemod:card_modifiers":[null,null,null,null,null,null,null,null,null,null,null,null,null,null,null,null,null,null,null,null,null,null,null,null,null,null,null,null,null],"items_purchased":["DistilledChaos"],"campfire_rested":2,"item_purchase_floors":[22],"current_hp_per_floor":[58,23,23,23,23,23,14,14,14,32,31,31,31,31,31,26,52,36,35,30,26,26,26,20,20,20,7,4,4,4,4,13,4,24,24,26,26,26,28,28,28,34,34,32,32,32,32,34,34,28,0],"gold":369,"neow_bonus":"RANDOM_COLORLESS_2","is_prod":false,"is_daily":false,"chose_seed":false,"campfire_upgraded":10,"win_rate":0,"timestamp":1724338020,"path_taken":["M","?","M","M","?","R","?","R","T","R","M","?","$","?","R","BOSS","M","M","?","M","$","R","M","R","T","E","M","R","E","?","R","BOSS","M","M","?","M","M","R","E","R","T","?","?","R","?","M","R","BOSS","BOSS"],"build_version":"2022-12-18","purchased_purges":2,"victory":false,"max_hp_per_floor":[60,60,60,60,60,60,60,60,60,60,60,60,60,60,60,60,60,60,60,30,30,30,30,30,30,30,30,30,30,30,30,30,30,30,30,32,32,32,34,34,34,34,34,34,32,32,32,34,34,34,34],"relic_stats":{"Calipers":[236],"Gremlin Horn":[17,16],"Singing Bowl":6,"counters":[24,145],"StoneCalendar":[389],"Eternal Feather":6,"Nloth\u0027s Gift":1,"Cursed Key":1,"obtain_stats":[{"Lizard Tail":2,"Calipers":44,"Gremlin Horn":12,"Singing Bowl":27,"StoneCalendar":9,"Eternal Feather":41,"Incense Burner":30,"Nloth\u0027s Gift":31,"Cursed Key":34,"Ring of the Snake":0,"Runic Pyramid":17,"Mercury Hourglass":26},{"Lizard Tail":1,"Calipers":21,"Gremlin Horn":5,"Singing Bowl":11,"StoneCalendar":4,"Eternal Feather":20,"Incense Burner":13,"Nloth\u0027s Gift":13,"Cursed Key":14,"Ring of the Snake":0,"Runic Pyramid":6,"Mercury Hourglass":10},{"Lizard Tail":3,"Calipers":116,"Gremlin Horn":19,"Singing Bowl":60,"StoneCalendar":16,"Eternal Feather":109,"Incense Burner":70,"Nloth\u0027s Gift":70,"Cursed Key":80,"Ring of the Snake":0,"Runic Pyramid":29,"Mercury Hourglass":53}],"Ring of the Snake":[48],"Mercury Hourglass":[298]},"card_choices":[{"not_picked":["Master of Strategy","Secret Weapon"],"picked":"Panache","floor":0.0},{"not_picked":["PiercingWail","Sucker Punch","Deflect"],"picked":"SKIP","floor":1.0},{"not_picked":["Tactician","Sucker Punch","Outmaneuver"],"picked":"SKIP","floor":3.0},{"not_picked":["Reflex","Flying Knee"],"picked":"Dagger Spray","floor":4.0},{"not_picked":["Prepared","Quick Slash"],"picked":"Dagger Throw","floor":7.0},{"not_picked":["Finisher","Choke"],"picked":"Escape Plan","floor":11.0},{"not_picked":["Bullet Time","A Thousand Cuts"],"picked":"After Image","floor":16.0},{"not_picked":["Poisoned Stab+1","Quick Slash","Choke"],"picked":"SKIP","floor":18},{"not_picked":["Well Laid Plans","PiercingWail","Skewer+1"],"picked":"SKIP","floor":19},{"not_picked":["Well Laid Plans","Underhanded Strike","Acrobatics"],"picked":"SKIP","floor":21},{"not_picked":["Reflex","Flying Knee"],"picked":"Tactician","floor":24},{"not_picked":["Terror","Bouncing Flask"],"picked":"Endless Agony","floor":27},{"not_picked":["Tactician","Backstab"],"picked":"Prepared","floor":28},{"not_picked":["Dagger Spray+1","Quick Slash"],"picked":"Backflip","floor":30},{"not_picked":["Doppelganger","Venomology"],"picked":"Adrenaline","floor":33},{"not_picked":["Riddle With Holes","Underhanded Strike"],"picked":"Escape Plan","floor":35},{"not_picked":["Dagger Spray","Expertise+1","Dash"],"picked":"Singing Bowl","floor":36},{"not_picked":["Prepared","Quick Slash"],"picked":"Concentrate+1","floor":37},{"not_picked":["Setup","Predator+1"],"picked":"A Thousand Cuts","floor":38},{"not_picked":["Catalyst","Dagger Throw","Dagger Spray"],"picked":"Singing Bowl","floor":39},{"not_picked":["Heel Hook+1","Bouncing Flask+1"],"picked":"Footwork+1","floor":41},{"not_picked":["Quick Slash","Dagger Spray+1"],"picked":"Acrobatics+1","floor":44},{"not_picked":["Dagger Throw+1","Footwork+1","Choke"],"picked":"Singing Bowl","floor":48}],"player_experience":807289,"relics_obtained":[{"floor":9.0,"key":"StoneCalendar"},{"floor":12.0,"key":"Gremlin Horn"},{"floor":26,"key":"Mercury Hourglass"},{"floor":27,"key":"Singing Bowl"},{"floor":30,"key":"Incense Burner"},{"floor":41,"key":"Eternal Feather"},{"floor":44,"key":"Calipers"}],"event_choices":[{"damage_healed":0.0,"max_hp_gain":0.0,"max_hp_loss":0.0,"gold_gain":0.0,"event_name":"Scrap Ooze","player_choice":"Success","floor":2.0,"gold_loss":0.0,"damage_taken":35.0,"relics_obtained":["Lizard Tail"]},{"damage_healed":0.0,"max_hp_gain":0.0,"max_hp_loss":0.0,"gold_gain":0.0,"event_name":"Match and Keep!","player_choice":"0 cards matched","floor":5.0,"gold_loss":0.0,"damage_taken":0.0,"cards_obtained":[]},{"damage_healed":0.0,"max_hp_gain":0.0,"max_hp_loss":0.0,"gold_gain":0.0,"event_name":"Liars Game","player_choice":"Ignored","floor":14.0,"gold_loss":0.0,"damage_taken":0.0},{"damage_healed":0,"gold_gain":0,"player_choice":"Became a Ghost","damage_taken":0,"max_hp_gain":0,"max_hp_loss":30,"event_name":"Ghosts","floor":20,"gold_loss":0,"cards_obtained":["Ghostly","Ghostly","Ghostly"]},{"damage_healed":0,"gold_gain":0,"player_choice":"Traded Relic","damage_taken":0,"relics_obtained":["Nloth\u0027s Gift"],"max_hp_gain":0,"max_hp_loss":0,"event_name":"N\u0027loth","floor":31,"relics_lost":["Lizard Tail"],"gold_loss":0},{"damage_healed":0,"gold_gain":0,"player_choice":"Fight","damage_taken":0,"max_hp_gain":0,"max_hp_loss":0,"event_name":"MindBloom","floor":44,"gold_loss":0},{"damage_healed":0,"gold_gain":0,"player_choice":"Max HP","damage_taken":0,"max_hp_gain":0,"max_hp_loss":2,"event_name":"Winding Halls","floor":45,"gold_loss":0},{"cards_removed":["Normality"],"damage_healed":0,"gold_gain":0,"player_choice":"Card Removal","damage_taken":0,"max_hp_gain":0,"max_hp_loss":0,"event_name":"Wheel of Change","floor":47,"gold_loss":0}],"is_beta":false,"boss_relics":[{"not_picked":["SacredBark","Pandora\u0027s Box"],"picked":"Runic Pyramid"},{"not_picked":["Sozu","Calling Bell"],"picked":"Cursed Key"}],"items_purged_floors":[13,22],"is_endless":false,"potions_floor_spawned":[1,16,18,27,28,30,38,44,48],"killed_by":"Time Eater","ascension_level":20}