{"gold_per_floor":[110,110,110,110,121,149,164,164,164,194,209,209,225,255,255,331,331,350,41,60,70,70,70,103,119,164,164,194,53,53,69,69,141,141,156,156,156,173,189,216,234,254,254,254,289,164,199,209,209,209,209,209,209,28,57,57],"floor_reached":56,"playtime":1997,"items_purged":["Strike_G","Strike_G","Defend_G"],"score":1994,"play_id":"8799fbff-e64d-4d36-9f04-dccacc4d38d8","local_time":"20240823005052","is_ascension_mode":true,"campfire_choices":[{"data":"Noxious Fumes","floor":8.0,"key":"SMITH"},{"floor":12.0,"key":"REST"},{"data":"Prepared","floor":15.0,"key":"SMITH"},{"data":"Phantasmal Killer","floor":23.0,"key":"SMITH"},{"data":"Terror","floor":27.0,"key":"SMITH"},{"data":"Acrobatics","floor":32,"key":"SMITH"},{"floor":44,"key":"RECALL"},{"data":"Concentrate","floor":49,"key":"SMITH"},{"data":"Escape Plan","floor":53,"key":"SMITH"}],"neow_cost":"NONE","seed_source_timestamp":25084356706500,"circlet_count":0,"master_deck":["AscendersBane","Strike_G+1","Defend_G","Defend_G+1","Defend_G","Defend_G+1","Survivor","Neutralize+1","Noxious Fumes+1","Poisoned Stab+1","Eviscerate+1","Prepared+1","Phantasmal Killer+1","Dagger Throw+1","Calculated Gamble+1","Acrobatics+1","Terror+1","Acrobatics+1","Concentrate+1","Escape Plan+1","Prepared+1","Purity","Calculated Gamble"],"special_seed":0,"relics":["Ring of the Snake","NeowsBlessing","Pantograph","Molten Egg 2","White Beast Statue","Vajra","Runic Pyramid","TheAbacus","Anchor","Toy Ornithopter","War Paint","Empty Cage","Happy Flower","Bottled Lightning","MealTicket","Regal Pillow","Bronze Scales"],"potions_floor_usage":[33,35,38,40,45,50,51,55,56],"damage_taken":[{"damage":0.0,"enemies":"Jaw Worm","floor":1.0,"turns":1.0},{"damage":0.0,"enemies":"2 Louse","floor":5.0,"turns":1.0},{"damage":0.0,"enemies":"Gremlin Nob","floor":6.0,"turns":1.0},{"damage":0.0,"enemies":"Cultist","floor":7.0,"turns":4.0},{"damage":22.0,"enemies":"Lagavulin","floor":10.0,"turns":6.0},{"damage":4.0,"enemies":"Exordium Thugs","floor":11.0,"turns":5.0},{"damage":6.0,"enemies":"3 Louse","floor":13.0,"turns":4.0},{"damage":31.0,"enemies":"3 Sentries","floor":14.0,"turns":8.0},{"damage":25.0,"enemies":"Hexaghost","floor":16.0,"turns":8.0},{"damage":0.0,"enemies":"Spheric Guardian","floor":18.0,"turns":2.0},{"damage":2.0,"enemies":"3 Byrds","floor":20.0,"turns":5.0},{"damage":3.0,"enemies":"Centurion and Healer","floor":21.0,"turns":5.0},{"damage":32.0,"enemies":"Gremlin Leader","floor":24.0,"turns":9.0},{"damage":0.0,"enemies":"Snake Plant","floor":25.0,"turns":3.0},{"damage":2.0,"enemies":"Book of Stabbing","floor":28.0,"turns":3.0},{"damage":0,"enemies":"Chosen and Byrds","floor":31,"turns":4},{"damage":23,"enemies":"Automaton","floor":33,"turns":7},{"damage":7,"enemies":"3 Darklings","floor":35,"turns":3},{"damage":3,"enemies":"3 Shapes","floor":38,"turns":6},{"damage":8,"enemies":"Spire Growth","floor":39,"turns":3},{"damage":5,"enemies":"Giant Head","floor":40,"turns":5},{"damage":13,"enemies":"Sphere and 2 Shapes","floor":41,"turns":8},{"damage":16,"enemies":"Maw","floor":42,"turns":4},{"damage":3,"enemies":"Nemesis","floor":45,"turns":3},{"damage":1,"enemies":"Giant Head","floor":47,"turns":4},{"damage":0,"enemies":"Spire Growth","floor":48,"turns":3},{"damage":38,"enemies":"Donu and Deca","floor":50,"turns":7},{"damage":51,"enemies":"Awakened One","floor":51,"turns":12},{"damage":34,"enemies":"Shield and Spear","floor":55,"turns":5},{"damage":80,"enemies":"The Heart","floor":56,"turns":3}],"seed_played":"1939926903545219734","potions_obtained":[{"floor":4.0,"key":"CunningPotion"},{"floor":4.0,"key":"Block Potion"},{"floor":7.0,"key":"Energy Potion"},{"floor":11.0,"key":"BlessingOfTheForge"},{"floor":13.0,"key":"Regen Potion"},{"floor":14.0,"key":"CultistPotion"},{"floor":16.0,"key":"FearPotion"},{"floor":21.0,"key":"Strength Potion"},{"floor":24.0,"key":"Swift Potion"},{"floor":25.0,"key":"LiquidMemories"},{"floor":28.0,"key":"Explosive Potion"},{"floor":31,"key":"Swift Potion"},{"floor":33,"key":"CunningPotion"},{"floor":35,"key":"Fruit Juice"},{"floor":38,"key":"AttackPotion"},{"floor":40,"key":"Energy Potion"},{"floor":42,"key":"AttackPotion"},{"floor":45,"key":"Regen Potion"},{"floor":55,"key":"Dexterity Potion"}],"is_trial":false,"path_per_floor":["M","?","?","?","M","E","M","R","T","E","M","R","M","E","R","B",null,"M","$","M","M","?","R","E","M","T","R","E","$","T","M","R","B",null,"M","?","?","M","M","E","M","M","T","R","E","$","E","M","R","B","B",null,"R","$","E","B"],"character_chosen":"THE_SILENT","basemod:card_modifiers":[null,null,null,null,null,null,null,null,null,null,null,null,null,null,null,null,null,null,null,null,null,null,null],"items_purchased":["TheAbacus","Calculated Gamble","Concentrate","Purity","DistilledChaos"],"campfire_rested":1,"item_purchase_floors":[19,19,29,54,54],"current_hp_per_floor":[59,64,43,43,43,43,43,43,43,21,17,38,32,16,16,16,57,57,57,55,52,52,52,20,20,20,20,23,23,23,23,23,30,61,59,59,59,66,58,58,45,29,29,29,31,46,45,45,45,37,31,65,65,76,47,0],"gold":57,"neow_bonus":"THREE_ENEMY_KILL","is_prod":false,"is_daily":false,"chose_seed":false,"campfire_upgraded":7,"win_rate":0,"timestamp":1724341852,"path_taken":["M","?","?","?","M","E","M","R","T","E","M","R","M","E","R","BOSS","M","$","M","M","?","R","E","M","T","R","E","$","?","M","R","BOSS","M","?","?","M","M","E","M","M","T","R","E","$","E","M","R","BOSS","BOSS","R","$","E","BOSS"],"build_version":"2022-12-18","purchased_purges":3,"victory":false,"max_hp_per_floor":[66,71,71,71,71,71,71,71,71,71,71,71,71,71,71,71,71,71,71,71,71,71,71,71,71,71,71,71,71,71,71,71,71,71,71,71,71,76,76,76,76,76,76,76,76,76,76,76,76,76,76,76,76,76,76,76],"relic_stats":{"Regal Pillow":0,"Happy Flower":[16],"counters":[30,142],"War Paint":["Defend_G","Defend_G"],"White Beast Statue":[0.0,0.0,0.0,0.4,0.0,0.6000000000000001,0.0,0.0,0.0,0.0,0.0,9.460594944000004],"TheAbacus":[384],"Pantograph":125,"Bronze Scales":[45],"MealTicket":26,"Bottled Lightning":"Acrobatics","obtain_stats":[{"Regal Pillow":47,"NeowsBlessing":0,"Happy Flower":40,"Vajra":14,"War Paint":28,"Empty Cage":34,"White Beast Statue":10,"Anchor":24,"TheAbacus":19,"Pantograph":6,"Bronze Scales":55,"Molten Egg 2":9,"MealTicket":45,"Bottled Lightning":43,"Toy Ornithopter":26,"Ring of the Snake":0,"Runic Pyramid":17},{"Regal Pillow":25,"NeowsBlessing":0,"Happy Flower":21,"Vajra":8,"War Paint":15,"Empty Cage":17,"White Beast Statue":5,"Anchor":13,"TheAbacus":10,"Pantograph":3,"Bronze Scales":29,"Molten Egg 2":4,"MealTicket":24,"Bottled Lightning":23,"Toy Ornithopter":14,"Ring of the Snake":0,"Runic Pyramid":9},{"Regal Pillow":112,"NeowsBlessing":0,"Happy Flower":93,"Vajra":30,"War Paint":65,"Empty Cage":76,"White Beast Statue":13,"Anchor":59,"TheAbacus":40,"Pantograph":3,"Bronze Scales":139,"Molten Egg 2":7,"MealTicket":108,"Bottled Lightning":105,"Toy Ornithopter":62,"Ring of the Snake":0,"Runic Pyramid":38}],"Toy Ornithopter":49,"Ring of the Snake":[60]},"card_choices":[{"not_picked":["Backflip","Acrobatics","Deflect"],"picked":"SKIP","floor":1.0},{"not_picked":["Reflex","Caltrops"],"picked":"Skewer","floor":5.0},{"not_picked":["Dodge and Roll","Underhanded Strike"],"picked":"Noxious Fumes","floor":6.0},{"not_picked":["PiercingWail","Acrobatics","Skewer"],"picked":"SKIP","floor":7.0},{"not_picked":["After Image","Outmaneuver"],"picked":"Poisoned Stab+1","floor":10.0},{"not_picked":["Backflip","Underhanded Strike+1"],"picked":"Eviscerate+1","floor":11.0},{"not_picked":["Outmaneuver","Quick Slash+1","Choke+1"],"picked":"SKIP","floor":13.0},{"not_picked":["Underhanded Strike+1","Doppelganger"],"picked":"Prepared","floor":14.0},{"not_picked":["A Thousand Cuts","Tools of the Trade"],"picked":"Phantasmal Killer","floor":16.0},{"not_picked":["Choke+1","Deadly Poison"],"picked":"Dagger Throw+1","floor":18.0},{"not_picked":["Dagger Spray+1","Prepared","Outmaneuver"],"picked":"SKIP","floor":20.0},{"not_picked":["Backstab+1","Flechettes+1","Cloak And Dagger"],"picked":"SKIP","floor":21.0},{"not_picked":["Backstab+1","Flechettes+1","Cloak And Dagger"],"picked":"SKIP","floor":21.0},{"not_picked":["Bane+1","Dagger Spray+1"],"picked":"Acrobatics","floor":24.0},{"not_picked":["Dagger Spray+1","Noxious Fumes"],"picked":"Terror","floor":25.0},{"not_picked":["Eviscerate+1","Leg Sweep"],"picked":"Acrobatics+1","floor":28.0},{"not_picked":["Finisher+1","Blur","Poisoned Stab+1"],"picked":"SKIP","floor":31},{"not_picked":["Underhanded Strike+1","Footwork"],"picked":"Escape Plan","floor":35},{"not_picked":["Acrobatics","Skewer+1","Dagger Spray+1"],"picked":"SKIP","floor":38},{"not_picked":["Acrobatics","Blade Dance","PiercingWail+1"],"picked":"SKIP","floor":39},{"not_picked":["Skewer+1","Concentrate","Eviscerate+1"],"picked":"SKIP","floor":40},{"not_picked":["Flying Knee+1","Poisoned Stab+1","Heel Hook+1"],"picked":"SKIP","floor":41},{"not_picked":["Slice+1","Heel Hook+1","Catalyst"],"picked":"SKIP","floor":42},{"not_picked":["Masterful Stab+1","Doppelganger","Heel Hook+1"],"picked":"SKIP","floor":45},{"not_picked":["Storm of Steel","Dodge and Roll"],"picked":"Prepared+1","floor":47},{"not_picked":["Deflect+1","Flying Knee+1","Noxious Fumes"],"picked":"SKIP","floor":48},{"not_picked":["Sucker Punch+1","Flying Knee+1"],"picked":"Calculated Gamble","floor":55}],"player_experience":810045,"relics_obtained":[{"floor":6.0,"key":"Pantograph"},{"floor":9.0,"key":"Molten Egg 2"},{"floor":10.0,"key":"White Beast Statue"},{"floor":14.0,"key":"Vajra"},{"floor":24.0,"key":"Anchor"},{"floor":26.0,"key":"Toy Ornithopter"},{"floor":28.0,"key":"War Paint"},{"floor":40,"key":"Happy Flower"},{"floor":43,"key":"Bottled Lightning"},{"floor":45,"key":"MealTicket"},{"floor":47,"key":"Regal Pillow"},{"floor":55,"key":"Bronze Scales"}],"event_choices":[{"damage_healed":0.0,"max_hp_gain":5.0,"max_hp_loss":0.0,"gold_gain":0.0,"event_name":"Big Fish","player_choice":"Donut","floor":2.0,"gold_loss":0.0,"damage_taken":0.0},{"damage_healed":0.0,"max_hp_gain":0.0,"max_hp_loss":0.0,"gold_gain":0.0,"event_name":"Shining Light","player_choice":"Entered Light","floor":3.0,"gold_loss":0.0,"damage_taken":21.0,"cards_upgraded":["Strike_G","Neutralize"]},{"damage_healed":0.0,"max_hp_gain":0.0,"max_hp_loss":0.0,"gold_gain":0.0,"event_name":"Lab","player_choice":"Got Potions","floor":4.0,"gold_loss":0.0,"damage_taken":0.0},{"damage_healed":0.0,"max_hp_gain":0.0,"max_hp_loss":0.0,"gold_gain":0.0,"event_name":"Upgrade Shrine","player_choice":"Upgraded","floor":22.0,"gold_loss":0.0,"damage_taken":0.0,"cards_upgraded":["Calculated Gamble"]},{"damage_healed":0,"gold_gain":0,"player_choice":"Ignored","damage_taken":0,"max_hp_gain":0,"max_hp_loss":0,"event_name":"Tomb of Lord Red Mask","floor":36,"gold_loss":0},{"cards_removed":["Skewer"],"damage_healed":0,"gold_gain":0,"player_choice":"Removed Attack","damage_taken":0,"max_hp_gain":0,"max_hp_loss":0,"event_name":"Falling","floor":37,"gold_loss":0}],"is_beta":false,"boss_relics":[{"not_picked":["Ectoplasm","Tiny House"],"picked":"Runic Pyramid"},{"not_picked":["Calling Bell","Busted Crown"],"picked":"Empty Cage"}],"items_purged_floors":[19,29,46],"is_endless":false,"potions_floor_spawned":[5,6,7,11,13,14,16,18,20,21,24,25,28,31,33,35,38,39,40,41,42,45,47,48,55],"killed_by":"The Heart","ascension_level":20}