{"gold_per_floor":[109,184,184,184,194,194,233,250,321,349,378,407,407,444,444,444],"floor_reached":16,"playtime":329,"items_purged":[],"score":274,"play_id":"cbe1e918-b157-4a76-82db-14708540d12d","local_time":"20240822194115","is_ascension_mode":true,"campfire_choices":[{"data":"Dash","floor":6,"key":"SMITH"},{"floor":13,"key":"REST"},{"floor":15,"key":"REST"}],"neow_cost":"NONE","seed_source_timestamp":8192234984000,"circlet_count":0,"master_deck":["AscendersBane","Strike_G","Strike_G","Strike_G","Strike_G","Defend_G","Defend_G","Defend_G","Defend_G","Survivor","Neutralize","Dash+1","Calculated Gamble","Escape Plan","Reflex","Dagger Throw","Footwork","Underhanded Strike"],"relics":["Ring of the Snake","NeowsBlessing","CeramicFish","PreservedInsect"],"potions_floor_usage":[10,14,14,15],"damage_taken":[{"damage":0,"enemies":"Jaw Worm","floor":1,"turns":1},{"damage":0,"enemies":"2 Louse","floor":5,"turns":1},{"damage":0,"enemies":"3 Sentries","floor":7,"turns":1},{"damage":0,"enemies":"Cultist","floor":8,"turns":3},{"damage":14,"enemies":"Gremlin Gang","floor":10,"turns":6},{"damage":4,"enemies":"Lots of Slimes","floor":11,"turns":5},{"damage":4,"enemies":"Exordium Thugs","floor":12,"turns":5},{"damage":22,"enemies":"Gremlin Nob","floor":14,"turns":5},{"damage":38,"enemies":"Slime Boss","floor":16,"turns":8}],"seed_played":"-3428145452168528237","potions_obtained":[{"floor":1,"key":"SneckoOil"},{"floor":7,"key":"Weak Potion"},{"floor":11,"key":"Block Potion"},{"floor":14,"key":"Fruit Juice"}],"is_trial":false,"path_per_floor":["M","?","?","?","M","R","E","M","T","M","M","M","R","E","R","B"],"character_chosen":"THE_SILENT","basemod:card_modifiers":[null,null,null,null,null,null,null,null,null,null,null,null,null,null,null,null,null,null],"items_purchased":[],"campfire_rested":2,"item_purchase_floors":[],"current_hp_per_floor":[59,48,41,41,41,41,41,41,41,27,23,19,38,16,42,4],"gold":444,"neow_bonus":"THREE_ENEMY_KILL","is_prod":false,"is_daily":false,"chose_seed":false,"campfire_upgraded":1,"win_rate":0,"timestamp":1724323275,"path_taken":["M","?","?","?","M","R","E","?","T","M","?","M","R","E","R","BOSS"],"build_version":"2022-12-18","purchased_purges":0,"victory":false,"max_hp_per_floor":[66,66,66,66,66,66,66,66,66,66,66,66,66,66,71,71],"relic_stats":{"counters":[9,35],"CeramicFish":45,"PreservedInsect":0,"obtain_stats":[{"NeowsBlessing":0,"CeramicFish":7,"PreservedInsect":14,"Ring of the Snake":0},{"NeowsBlessing":0,"CeramicFish":3,"PreservedInsect":8,"Ring of the Snake":0},{"NeowsBlessing":0,"CeramicFish":3,"PreservedInsect":27,"Ring of the Snake":0}],"Ring of the Snake":[18]},"card_choices":[{"not_picked":["Flying Knee","Deadly Poison"],"picked":"Dash","floor":1},{"not_picked":["Outmaneuver","Concentrate"],"picked":"Calculated Gamble","floor":5},{"not_picked":["PiercingWail","Blur"],"picked":"Escape Plan","floor":7},{"not_picked":["Expertise","Bouncing Flask","Sucker Punch"],"picked":"SKIP","floor":8},{"not_picked":["Bane","Quick Slash"],"picked":"Reflex","floor":10},{"not_picked":["Poisoned Stab","Riddle With Holes"],"picked":"Dagger Throw","floor":11},{"not_picked":["Distraction","Tools of the Trade"],"picked":"Footwork","floor":12},{"not_picked":["Bane","Dagger Throw"],"picked":"Underhanded Strike","floor":14}],"player_experience":805838,"relics_obtained":[{"floor":7,"key":"CeramicFish"},{"floor":14,"key":"PreservedInsect"}],"event_choices":[{"damage_healed":0,"gold_gain":75,"player_choice":"Gather Gold","damage_taken":11,"max_hp_gain":0,"max_hp_loss":0,"event_name":"World of Goop","floor":2,"gold_loss":0},{"cards_removed":["Defend_G"],"damage_healed":0,"gold_gain":0,"player_choice":"Card Removal","damage_taken":7,"max_hp_gain":0,"max_hp_loss":0,"event_name":"Golden Wing","floor":3,"gold_loss":0},{"cards_removed":["Strike_G"],"damage_healed":0,"gold_gain":0,"player_choice":"Offered Basic","damage_taken":0,"max_hp_gain":0,"max_hp_loss":0,"event_name":"Bonfire Elementals","floor":4,"gold_loss":0}],"is_beta":false,"boss_relics":[],"items_purged_floors":[],"is_endless":false,"potions_floor_spawned":[1,7,11,14],"killed_by":"Slime Boss","ascension_level":20}