{"gold_per_floor":[111,123,139,153,173,173,173,193,247,278,93,93,93,103,103,180,180,199,199,199,218,238,238,269,4,28,28,28],"floor_reached":28,"playtime":516,"items_purged":["Strike_B"],"score":605,"play_id":"10af6422-b189-4279-971a-b3a62c9b6231","local_time":"20240823173422","is_ascension_mode":true,"campfire_choices":[{"data":"Rebound","floor":6.0,"key":"SMITH"},{"floor":12.0,"key":"REST"},{"data":"Beam Cell","floor":15.0,"key":"SMITH"},{"floor":23.0,"key":"REST"},{"floor":27,"key":"REST"}],"neow_cost":"NONE","seed_source_timestamp":12266857781000,"circlet_count":0,"master_deck":["AscendersBane","Zap","Dualcast","Beam Cell+1","Rebound+1","Go for the Eyes","Gash","Electrodynamics","Ball Lightning","Conserve Battery","Machine Learning","Amplify","Barrage","Seek","Loop","Sweeping Beam","Steam+1","Bite","Bite","Bite","Bite","Bite","Self Repair+1","Auto Shields","Gash+1","FTL+1"],"special_seed":0,"relics":["Cracked Core","Toy Ornithopter","Happy Flower","Pandora\u0027s Box","Molten Egg 2","OrangePellets","MealTicket"],"potions_floor_usage":[24,28],"damage_taken":[{"damage":7.0,"enemies":"Jaw Worm","floor":1.0,"turns":4.0},{"damage":8.0,"enemies":"2 Louse","floor":2.0,"turns":3.0},{"damage":7.0,"enemies":"Small Slimes","floor":3.0,"turns":3.0},{"damage":8.0,"enemies":"2 Fungi Beasts","floor":4.0,"turns":3.0},{"damage":9.0,"enemies":"Red Slaver","floor":5.0,"turns":3.0},{"damage":15.0,"enemies":"3 Louse","floor":8.0,"turns":3.0},{"damage":15.0,"enemies":"Lagavulin","floor":10.0,"turns":7.0},{"damage":13.0,"enemies":"Exordium Wildlife","floor":14.0,"turns":3.0},{"damage":0.0,"enemies":"Slime Boss","floor":16.0,"turns":3.0},{"damage":35.0,"enemies":"Shell Parasite","floor":18.0,"turns":4.0},{"damage":20.0,"enemies":"Spheric Guardian","floor":21.0,"turns":4.0},{"damage":33.0,"enemies":"Snake Plant","floor":22.0,"turns":3.0},{"damage":26,"enemies":"Gremlin Leader","floor":24,"turns":4},{"damage":52,"enemies":"Book of Stabbing","floor":28,"turns":3}],"seed_played":"-8810113496167620800","potions_obtained":[{"floor":3.0,"key":"Weak Potion"},{"floor":4.0,"key":"SpeedPotion"},{"floor":10.0,"key":"Explosive Potion"},{"floor":16.0,"key":"Regen Potion"},{"floor":22.0,"key":"SteroidPotion"}],"is_trial":false,"path_per_floor":["M","M","M","M","M","R","?","M","T","E","$","R","?","M","R","B",null,"M","?","?","M","M","R","E","$","T","R","E"],"character_chosen":"DEFECT","basemod:card_modifiers":[null,null,null,null,null,null,null,null,null,null,null,null,null,null,null,null,null,null,null,null,null,null,null,null,null,null],"items_purchased":["Fire Potion","AttackPotion","FTL+1","SkillPotion","OrangePellets"],"campfire_rested":3,"item_purchase_floors":[11,11,25,25,25],"current_hp_per_floor":[59,53,48,42,35,35,35,22,22,14,14,35,35,24,24,36,62,29,29,29,36,9,30,15,15,15,36,0],"gold":28,"neow_bonus":"RANDOM_COMMON_RELIC","is_prod":false,"is_daily":false,"chose_seed":false,"campfire_upgraded":2,"win_rate":0,"timestamp":1724402062,"path_taken":["M","M","M","M","M","R","?","M","T","E","$","R","?","M","R","BOSS","M","?","?","M","M","R","E","$","T","R","E"],"build_version":"2022-12-18","purchased_purges":1,"victory":false,"max_hp_per_floor":[71,71,71,71,71,71,71,71,71,71,71,71,71,71,71,71,71,71,71,71,71,71,71,71,71,71,71,71],"relic_stats":{"OrangePellets":[0],"Happy Flower":[8],"counters":[14,50],"Pandora\u0027s Box":["Conserve Battery","Machine Learning","Amplify","Barrage","Seek","Loop","Sweeping Beam"],"MealTicket":0,"obtain_stats":[{"Blood Vial":0,"OrangePellets":25,"Happy Flower":10,"Pandora\u0027s Box":17,"Molten Egg 2":24,"MealTicket":26,"Cracked Core":0,"Toy Ornithopter":9},{"Blood Vial":0,"OrangePellets":13,"Happy Flower":7,"Pandora\u0027s Box":9,"Molten Egg 2":13,"MealTicket":13,"Cracked Core":0,"Toy Ornithopter":6},{"Blood Vial":0,"OrangePellets":47,"Happy Flower":26,"Pandora\u0027s Box":32,"Molten Egg 2":47,"MealTicket":47,"Cracked Core":0,"Toy Ornithopter":19}],"Toy Ornithopter":30},"card_choices":[{"not_picked":["Steam","Rebound"],"picked":"Beam Cell","floor":1.0},{"not_picked":["Redo","Reprogram"],"picked":"Rebound","floor":2.0},{"not_picked":["Turbo","Tempest"],"picked":"Go for the Eyes","floor":3.0},{"not_picked":["Conserve Battery","Heatsinks"],"picked":"Gash","floor":4.0},{"not_picked":["Redo","Stack","Rebound"],"picked":"SKIP","floor":5.0},{"not_picked":["Ball Lightning","Darkness"],"picked":"Electrodynamics","floor":8.0},{"not_picked":["Barrage","Force Field"],"picked":"Sweeping Beam","floor":10.0},{"not_picked":["Sweeping Beam","Doom and Gloom"],"picked":"Ball Lightning","floor":14.0},{"not_picked":["Heatsinks","Go for the Eyes"],"picked":"Steam+1","floor":18.0},{"not_picked":["Capacitor","Hologram"],"picked":"Self Repair+1","floor":21.0},{"not_picked":["Doom and Gloom","Recycle"],"picked":"Auto Shields","floor":22.0},{"not_picked":["Fusion","Lockon+1"],"picked":"Gash+1","floor":24}],"player_experience":823922,"relics_obtained":[{"floor":9.0,"key":"Toy Ornithopter"},{"floor":10.0,"key":"Happy Flower"},{"floor":24,"key":"Molten Egg 2"},{"floor":26,"key":"MealTicket"}],"event_choices":[{"damage_healed":0.0,"max_hp_gain":0.0,"max_hp_loss":0.0,"gold_gain":0.0,"event_name":"Liars Game","player_choice":"Ignored","floor":7.0,"gold_loss":0.0,"damage_taken":0.0},{"damage_healed":0.0,"max_hp_gain":0.0,"max_hp_loss":0.0,"gold_gain":0.0,"event_name":"Scrap Ooze","player_choice":"Fled","floor":13.0,"gold_loss":0.0,"damage_taken":0.0},{"cards_removed":["Sweeping Beam"],"damage_healed":0.0,"max_hp_gain":0.0,"max_hp_loss":0.0,"gold_gain":0.0,"event_name":"Back to Basics","player_choice":"Elegance","floor":19.0,"gold_loss":0.0,"damage_taken":0.0},{"damage_healed":0.0,"max_hp_gain":0.0,"max_hp_loss":0.0,"gold_gain":0.0,"event_name":"Vampires","player_choice":"Became a vampire (Vial)","floor":20.0,"relics_lost":["Blood Vial"],"gold_loss":0.0,"damage_taken":0.0,"cards_obtained":["Bite","Bite","Bite","Bite","Bite"]}],"is_beta":false,"boss_relics":[{"not_picked":["Ectoplasm","Sozu"],"picked":"Pandora\u0027s Box"}],"items_purged_floors":[11],"is_endless":false,"potions_floor_spawned":[3,4,10,14,16,22],"killed_by":"Book of Stabbing","ascension_level":20}