{"gold_per_floor":[114,114,125,125,137,149,187,274,286,298,338,367,411,442,454,544,556,581,96,116,136,0,0,26,43,70,83,3,31,48,58,58,58],"floor_reached":33,"playtime":935,"items_purged":["Strike_G"],"score":714,"play_id":"400153d9-f3b5-4e23-98b2-482868196afc","local_time":"20240822231853","is_ascension_mode":true,"campfire_choices":[{"data":"Eviscerate","floor":6.0,"key":"SMITH"},{"floor":10.0,"key":"REST"},{"floor":15.0,"key":"REST"},{"floor":23,"key":"REST"},{"floor":32,"key":"REST"}],"neow_cost":"NONE","seed_source_timestamp":20596097680700,"circlet_count":0,"master_deck":["AscendersBane","Strike_G","Strike_G","Strike_G","Strike_G","Defend_G","Defend_G","Defend_G","Defend_G+1","Defend_G","Survivor+1","Neutralize","Eviscerate+1","Terror","Dagger Throw","Blade Dance","Well Laid Plans+1","Footwork+1","Backflip","Finisher","Backstab","Blade Dance"],"special_seed":0,"relics":["Ring of the Snake","NeowsBlessing","MawBank","StoneCalendar","Frozen Egg 2","Bag of Marbles","Anchor","SlaversCollar","Orrery","Nunchaku","Juzu Bracelet","MealTicket","Bag of Preparation"],"potions_floor_usage":[24,27,29,31,33],"damage_taken":[{"damage":0.0,"enemies":"Jaw Worm","floor":1.0,"turns":1.0},{"damage":0.0,"enemies":"Cultist","floor":3.0,"turns":1.0},{"damage":0.0,"enemies":"Lagavulin","floor":7.0,"turns":1.0},{"damage":7.0,"enemies":"3 Sentries","floor":11.0,"turns":7.0},{"damage":0.0,"enemies":"2 Louse","floor":12.0,"turns":1.0},{"damage":0.0,"enemies":"Gremlin Nob","floor":13.0,"turns":2.0},{"damage":7.0,"enemies":"2 Fungi Beasts","floor":14.0,"turns":3.0},{"damage":5.0,"enemies":"The Guardian","floor":16.0,"turns":13.0},{"damage":5.0,"enemies":"3 Byrds","floor":18.0,"turns":3.0},{"damage":14.0,"enemies":"Chosen","floor":20.0,"turns":4.0},{"damage":30.0,"enemies":"3 Cultists","floor":21.0,"turns":7.0},{"damage":7,"enemies":"Gremlin Leader","floor":24,"turns":7},{"damage":0,"enemies":"Centurion and Healer","floor":25,"turns":6},{"damage":19,"enemies":"Shelled Parasite and Fungi","floor":27,"turns":5},{"damage":1,"enemies":"Slavers","floor":29,"turns":5},{"damage":12,"enemies":"3 Cultists","floor":30,"turns":5},{"damage":3,"enemies":"Centurion and Healer","floor":31,"turns":3},{"damage":24,"enemies":"Champ","floor":33,"turns":3}],"seed_played":"3876026291414167305","potions_obtained":[{"floor":7.0,"key":"SteroidPotion"},{"floor":11.0,"key":"LiquidBronze"},{"floor":16.0,"key":"Swift Potion"},{"floor":21.0,"key":"Explosive Potion"},{"floor":24,"key":"Weak Potion"},{"floor":29,"key":"LiquidMemories"},{"floor":30,"key":"SteroidPotion"}],"is_trial":false,"path_per_floor":["M","?","M","?","?","R","E","?","T","R","E","M","E","M","R","B",null,"M","$","M","M","?","R","E","M","T","M","$","E","M","M","R","B"],"character_chosen":"THE_SILENT","basemod:card_modifiers":[null,null,null,null,null,null,null,null,null,null,null,null,null,null,null,null,null,null,null,null,null,null],"items_purchased":["Footwork+1","Orrery","Nunchaku","Fire Potion","LiquidMemories"],"campfire_rested":4,"item_purchase_floors":[19,19,19,19,28],"current_hp_per_floor":[59,59,59,54,34,34,34,23,23,42,35,35,35,28,47,42,60,55,55,41,11,11,30,23,23,23,4,19,18,6,3,22,0],"gold":58,"neow_bonus":"THREE_ENEMY_KILL","is_prod":false,"is_daily":false,"chose_seed":false,"campfire_upgraded":1,"win_rate":0,"timestamp":1724336333,"path_taken":["M","?","?","?","?","R","E","?","T","R","E","M","E","?","R","BOSS","M","$","M","M","?","R","E","M","T","M","$","E","M","M","R","BOSS"],"build_version":"2022-12-18","purchased_purges":1,"victory":false,"max_hp_per_floor":[66,66,66,66,66,66,66,66,66,66,66,66,66,66,66,66,66,66,66,66,66,66,66,66,66,66,66,66,66,66,66,66,66],"relic_stats":{"Nunchaku":[13],"counters":[18,77],"StoneCalendar":[243],"MealTicket":15,"Juzu Bracelet":0,"Bag of Preparation":[6],"MawBank":180,"obtain_stats":[{"NeowsBlessing":0,"StoneCalendar":7,"Juzu Bracelet":24,"Bag of Preparation":29,"Frozen Egg 2":9,"MawBank":4,"SlaversCollar":17,"Anchor":13,"Nunchaku":19,"Orrery":19,"MealTicket":26,"Bag of Marbles":11,"Ring of the Snake":0},{"NeowsBlessing":0,"StoneCalendar":3,"Juzu Bracelet":12,"Bag of Preparation":15,"Frozen Egg 2":3,"MawBank":2,"SlaversCollar":8,"Anchor":6,"Nunchaku":9,"Orrery":9,"MealTicket":13,"Bag of Marbles":4,"Ring of the Snake":0},{"NeowsBlessing":0,"StoneCalendar":3,"Juzu Bracelet":50,"Bag of Preparation":66,"Frozen Egg 2":3,"MawBank":2,"SlaversCollar":29,"Anchor":13,"Nunchaku":32,"Orrery":32,"MealTicket":56,"Bag of Marbles":10,"Ring of the Snake":0}],"Ring of the Snake":[36]},"card_choices":[{"not_picked":["Outmaneuver","Catalyst","Sucker Punch"],"picked":"SKIP","floor":1.0},{"not_picked":["Dagger Spray","Blur"],"picked":"Terror","floor":3.0},{"not_picked":["Storm of Steel","After Image"],"picked":"Dagger Throw","floor":7.0},{"not_picked":["Dagger Throw","Bane"],"picked":"Blade Dance","floor":11.0},{"not_picked":["Blur","Riddle With Holes","Endless Agony"],"picked":"SKIP","floor":12.0},{"not_picked":["Glass Knife","Endless Agony"],"picked":"Well Laid Plans+1","floor":13.0},{"not_picked":["Dodge and Roll","Noxious Fumes+1","Slice"],"picked":"SKIP","floor":14.0},{"not_picked":["PiercingWail","Infinite Blades+1","Dash"],"picked":"SKIP","floor":18.0},{"not_picked":["Dodge and Roll","Poisoned Stab+1"],"picked":"Backflip","floor":19.0},{"not_picked":["Predator","Dagger Spray","Flying Knee"],"picked":"SKIP","floor":20.0},{"not_picked":["Acrobatics","Accuracy+1"],"picked":"Finisher","floor":21.0},{"not_picked":["Dagger Spray","Cloak And Dagger","PiercingWail"],"picked":"SKIP","floor":24},{"not_picked":["Slice","Infinite Blades+1"],"picked":"Backstab","floor":25},{"not_picked":["Bane","Choke","Dagger Spray"],"picked":"SKIP","floor":27},{"not_picked":["Bane+1","Underhanded Strike"],"picked":"Blade Dance","floor":29},{"not_picked":["Masterful Stab","PiercingWail","A Thousand Cuts+1"],"picked":"SKIP","floor":30},{"not_picked":["Acrobatics","Sucker Punch","Flying Knee+1"],"picked":"SKIP","floor":31}],"player_experience":806354,"relics_obtained":[{"floor":7.0,"key":"StoneCalendar"},{"floor":9.0,"key":"Frozen Egg 2"},{"floor":11.0,"key":"Bag of Marbles"},{"floor":13.0,"key":"Anchor"},{"floor":24,"key":"Juzu Bracelet"},{"floor":26,"key":"MealTicket"},{"floor":29,"key":"Bag of Preparation"}],"event_choices":[{"damage_healed":0.0,"max_hp_gain":0.0,"max_hp_loss":0.0,"gold_gain":0.0,"event_name":"Match and Keep!","player_choice":"1 cards matched","floor":2.0,"gold_loss":0.0,"damage_taken":0.0,"cards_obtained":["Eviscerate"]},{"damage_healed":0.0,"max_hp_gain":0.0,"max_hp_loss":0.0,"gold_gain":0.0,"event_name":"Scrap Ooze","player_choice":"Success","floor":4.0,"gold_loss":0.0,"damage_taken":5.0,"relics_obtained":["MawBank"]},{"damage_healed":0.0,"max_hp_gain":0.0,"max_hp_loss":0.0,"gold_gain":0.0,"event_name":"Shining Light","player_choice":"Entered Light","floor":5.0,"gold_loss":0.0,"damage_taken":20.0,"cards_upgraded":["Survivor","Defend_G"]},{"damage_healed":0.0,"max_hp_gain":0.0,"max_hp_loss":0.0,"gold_gain":75.0,"event_name":"World of Goop","player_choice":"Gather Gold","floor":8.0,"gold_loss":0.0,"damage_taken":11.0},{"damage_healed":0,"gold_gain":0,"player_choice":"Paid Fearfully","damage_taken":0,"max_hp_gain":0,"max_hp_loss":0,"event_name":"Masked Bandits","floor":22,"gold_loss":136}],"is_beta":false,"boss_relics":[{"not_picked":["Sozu","Calling Bell"],"picked":"SlaversCollar"}],"items_purged_floors":[19],"is_endless":false,"potions_floor_spawned":[7,11,16,21,24,29,30],"killed_by":"Champ","ascension_level":20}