{"gold_per_floor":[110,110,127,147,162,162,195,195,195,195,206,230,256,271,271,342,342,357,376,389,141,159,159,159,159,240,240],"floor_reached":27,"playtime":1684,"items_purged":["Defend_B"],"score":450,"play_id":"82a76406-2da1-41f9-a47e-322adebce1ed","local_time":"20240823163829","is_ascension_mode":true,"campfire_choices":[{"data":"Sunder","floor":6.0,"key":"SMITH"},{"floor":8.0,"key":"REST"},{"data":"Zap","floor":10.0,"key":"SMITH"},{"floor":15.0,"key":"REST"},{"floor":23.0,"key":"REST"},{"data":"Defragment","floor":25,"key":"SMITH"}],"neow_cost":"NONE","seed_source_timestamp":7814622768700,"circlet_count":0,"master_deck":["AscendersBane","Strike_B+1","Strike_B+1","Strike_B+1","Defend_B+1","Defend_B+1","Defend_B+1","Zap+1","Dualcast","Sweeping Beam","Undo","Sunder+1","Genetic Algorithm","Ball Lightning","FTL","Glacier","Hologram","Reboot","Defragment+1","Hologram","BootSequence","Compile Driver"],"special_seed":0,"relics":["Black Star","Ancient Tea Set","White Beast Statue","Vajra","Odd Mushroom","Dream Catcher","Lizard Tail","Inserter","InkBottle"],"potions_floor_usage":[27],"damage_taken":[{"damage":4.0,"enemies":"Jaw Worm","floor":1.0,"turns":4.0},{"damage":12.0,"enemies":"Cultist","floor":3.0,"turns":5.0},{"damage":5.0,"enemies":"Small Slimes","floor":4.0,"turns":4.0},{"damage":13.0,"enemies":"3 Louse","floor":5.0,"turns":4.0},{"damage":39.0,"enemies":"Gremlin Nob","floor":7.0,"turns":4.0},{"damage":0.0,"enemies":"2 Fungi Beasts","floor":11.0,"turns":3.0},{"damage":13.0,"enemies":"The Mushroom Lair","floor":12.0,"turns":4.0},{"damage":13.0,"enemies":"Lagavulin","floor":13.0,"turns":6.0},{"damage":7.0,"enemies":"Looter","floor":14.0,"turns":4.0},{"damage":43.0,"enemies":"Hexaghost","floor":16.0,"turns":12.0},{"damage":17.0,"enemies":"Shell Parasite","floor":18.0,"turns":9.0},{"damage":26.0,"enemies":"2 Thieves","floor":19.0,"turns":4.0},{"damage":12.0,"enemies":"Sentry and Sphere","floor":20.0,"turns":13.0},{"damage":9.0,"enemies":"Cultist and Chosen","floor":22.0,"turns":8.0},{"damage":25,"enemies":"Book of Stabbing","floor":27,"turns":5}],"seed_played":"1799607992084952445","potions_obtained":[{"floor":1.0,"key":"EntropicBrew"},{"floor":7.0,"key":"BlessingOfTheForge"},{"floor":11.0,"key":"ColorlessPotion"},{"floor":12.0,"key":"Block Potion"},{"floor":13.0,"key":"Fruit Juice"},{"floor":14.0,"key":"LiquidMemories"},{"floor":16.0,"key":"Energy Potion"},{"floor":18.0,"key":"Ancient Potion"},{"floor":19.0,"key":"LiquidMemories"},{"floor":20.0,"key":"Swift Potion"},{"floor":22.0,"key":"PotionOfCapacity"}],"is_trial":false,"path_per_floor":["M","?","M","M","M","R","E","R","T","R","M","?","E","M","R","B",null,"M","M","M","$","M","R","?","R","T","E"],"character_chosen":"DEFECT","basemod:card_modifiers":[null,null,null,null,null,null,null,null,null,null,null,null,null,null,null,null,null,null,null,null,null,null],"items_purchased":["PowerPotion","Hologram","BootSequence"],"campfire_rested":3,"item_purchase_floors":[21,21,21],"current_hp_per_floor":[60,60,48,43,30,30,21,42,42,42,42,29,16,14,36,38,67,50,24,12,12,3,25,25,25,25,0],"gold":240,"neow_bonus":"BOSS_RELIC","is_prod":false,"is_daily":false,"chose_seed":false,"campfire_upgraded":3,"win_rate":0,"timestamp":1724398709,"path_taken":["M","?","M","M","M","R","E","R","T","R","?","?","E","M","R","BOSS","M","M","M","$","M","R","?","R","T","E"],"build_version":"2022-12-18","purchased_purges":1,"victory":false,"max_hp_per_floor":[71,71,71,71,71,71,71,71,71,71,71,71,71,76,76,76,76,76,76,76,76,76,76,76,76,76,76],"relic_stats":{"Dream Catcher":2,"Lizard Tail":38,"Inserter":[19],"counters":[15,89],"Black Star":2,"Ancient Tea Set":[6],"obtain_stats":[{"Dream Catcher":13,"Lizard Tail":13,"Inserter":17,"Vajra":9,"Black Star":0,"Odd Mushroom":12,"Cracked Core":0,"Ancient Tea Set":7,"White Beast Statue":7,"InkBottle":26},{"Dream Catcher":8,"Lizard Tail":8,"Inserter":10,"Vajra":5,"Black Star":0,"Odd Mushroom":7,"Cracked Core":0,"Ancient Tea Set":5,"White Beast Statue":5,"InkBottle":14},{"Dream Catcher":34,"Lizard Tail":34,"Inserter":50,"Vajra":21,"Black Star":0,"Odd Mushroom":28,"Cracked Core":0,"Ancient Tea Set":21,"White Beast Statue":21,"InkBottle":84}],"White Beast Statue":[0.002400000000000001,0.0,0.12000000000000004,0.0,0.49360000000000015,0.0,0.3480000000000001,0.0,0.03600000000000001,0.0,0.0,4.2048],"InkBottle":[2]},"card_choices":[{"not_picked":["Recycle","Rebound"],"picked":"Sweeping Beam","floor":1.0},{"not_picked":["Chill","Coolheaded"],"picked":"Undo","floor":3.0},{"not_picked":["Recycle","Redo"],"picked":"Sunder","floor":4.0},{"not_picked":["Compile Driver","Reinforced Body","Steam Power"],"picked":"SKIP","floor":5.0},{"not_picked":["Stack","Static Discharge"],"picked":"Genetic Algorithm","floor":7.0},{"not_picked":["Beam Cell","Streamline"],"picked":"Ball Lightning","floor":11.0},{"not_picked":["Beam Cell","Steam Power"],"picked":"FTL","floor":12.0},{"not_picked":["Consume","Skim","Go for the Eyes"],"picked":"SKIP","floor":13.0},{"not_picked":["Aggregate","Beam Cell"],"picked":"Glacier","floor":14.0},{"not_picked":["Conserve Battery","Gash"],"picked":"Hologram","floor":15.0},{"not_picked":["All For One","Amplify"],"picked":"Reboot","floor":16.0},{"not_picked":["Streamline","Blizzard+1"],"picked":"Defragment","floor":18.0},{"not_picked":["Cold Snap","Sweeping Beam","Ball Lightning"],"picked":"SKIP","floor":19.0},{"not_picked":["Coolheaded","Sweeping Beam","FTL"],"picked":"SKIP","floor":20.0},{"not_picked":["Gash+1","Darkness+1"],"picked":"Compile Driver","floor":22.0}],"player_experience":819648,"relics_obtained":[{"floor":7.0,"key":"Ancient Tea Set"},{"floor":7.0,"key":"White Beast Statue"},{"floor":9.0,"key":"Vajra"},{"floor":12.0,"key":"Odd Mushroom"},{"floor":13.0,"key":"Dream Catcher"},{"floor":13.0,"key":"Lizard Tail"},{"floor":26,"key":"InkBottle"}],"event_choices":[{"cards_removed":["Strike_B"],"damage_healed":0.0,"max_hp_gain":0.0,"max_hp_loss":0.0,"gold_gain":0.0,"event_name":"Wheel of Change","player_choice":"Card Removal","floor":2.0,"gold_loss":0.0,"damage_taken":0.0},{"damage_healed":0.0,"max_hp_gain":0.0,"max_hp_loss":0.0,"gold_gain":0.0,"event_name":"Mushrooms","player_choice":"Fought Mushrooms","floor":12.0,"gold_loss":0.0,"damage_taken":0.0},{"damage_healed":0,"gold_gain":0,"player_choice":"Simplicity","damage_taken":0,"max_hp_gain":0,"max_hp_loss":0,"event_name":"Back to Basics","floor":24,"gold_loss":0,"cards_upgraded":["Strike_B","Strike_B","Strike_B","Defend_B","Defend_B","Defend_B"]}],"is_beta":false,"boss_relics":[{"not_picked":["Runic Dome","SlaversCollar"],"picked":"Inserter"}],"items_purged_floors":[21],"is_endless":false,"potions_floor_spawned":[1,7,11,12,13,14,16,18,19,20,22],"killed_by":"Book of Stabbing","ascension_level":20}