{"gold_per_floor":[111,126,146,166,184,184,212,212,212,225,56,106,140,160,160,239,239,252,270,51,51],"floor_reached":21,"playtime":683,"items_purged":["Strike_B"],"score":386,"play_id":"71db365d-2898-4b5c-92af-a3de4af6d83a","local_time":"20240826200426","is_ascension_mode":true,"campfire_choices":[{"data":"Dualcast","floor":6.0,"key":"SMITH"},{"floor":8.0,"key":"REST"},{"floor":15,"key":"REST"}],"neow_cost":"TEN_PERCENT_HP_LOSS","seed_source_timestamp":7042162784100,"circlet_count":0,"master_deck":["AscendersBane","Strike_B","Defend_B","Zap","Dualcast+1","Doom and Gloom","Amplify","Conserve Battery","Compile Driver","Ball Lightning","Cold Snap","Go for the Eyes","Recycle+1","Glacier+1","Lockon+1","Capacitor","Coolheaded"],"special_seed":0,"relics":["Cracked Core","Nunchaku","Calipers","ClockworkSouvenir","Eternal Feather","Astrolabe"],"potions_floor_usage":[16,16,21,21],"damage_taken":[{"damage":14.0,"enemies":"Small Slimes","floor":1.0,"turns":4.0},{"damage":1.0,"enemies":"Cultist","floor":2.0,"turns":4.0},{"damage":2.0,"enemies":"2 Louse","floor":3.0,"turns":3.0},{"damage":5.0,"enemies":"Blue Slaver","floor":4.0,"turns":4.0},{"damage":0.0,"enemies":"Exordium Wildlife","floor":5.0,"turns":2.0},{"damage":14.0,"enemies":"3 Sentries","floor":7.0,"turns":6.0},{"damage":8.0,"enemies":"Exordium Thugs","floor":10.0,"turns":3.0},{"damage":18,"enemies":"Lagavulin","floor":13,"turns":6},{"damage":2,"enemies":"2 Fungi Beasts","floor":14,"turns":3},{"damage":36,"enemies":"The Guardian","floor":16,"turns":14},{"damage":17,"enemies":"Spheric Guardian","floor":18,"turns":5},{"damage":26,"enemies":"3 Byrds","floor":19,"turns":5},{"damage":10,"enemies":"Centurion and Healer","floor":21,"turns":1}],"seed_played":"2509054530295077742","potions_obtained":[{"floor":1.0,"key":"Block Potion"},{"floor":5.0,"key":"SpeedPotion"},{"floor":14,"key":"SkillPotion"},{"floor":16,"key":"EssenceOfSteel"},{"floor":18,"key":"Fire Potion"}],"is_trial":false,"path_per_floor":["M","M","M","M","M","R","E","R","T","M","$","?","E","M","R","B",null,"M","M","$","M"],"character_chosen":"DEFECT","basemod:card_modifiers":[null,null,null,null,null,null,null,null,null,null,null,null,null,null,null,null,null],"items_purchased":["ClockworkSouvenir","Capacitor","Coolheaded"],"campfire_rested":2,"item_purchase_floors":[11,20,20],"current_hp_per_floor":[50,49,47,42,42,42,28,47,47,39,39,33,15,13,41,5,49,32,6,6,0],"gold":51,"neow_bonus":"TRANSFORM_TWO_CARDS","is_prod":false,"is_daily":false,"chose_seed":false,"campfire_upgraded":1,"win_rate":0,"timestamp":1724670266,"path_taken":["M","M","M","M","M","R","E","R","T","M","$","?","E","M","R","BOSS","M","?","$","M"],"build_version":"2022-12-18","purchased_purges":1,"victory":false,"max_hp_per_floor":[64,64,64,64,64,64,64,64,64,64,64,64,64,64,64,64,64,64,64,64,64],"relic_stats":{"Nunchaku":[5],"Calipers":[17],"counters":[13,60],"Astrolabe":["Recycle","Glacier","Lockon"],"Eternal Feather":9,"obtain_stats":[{"Nunchaku":7,"Calipers":9,"Astrolabe":17,"Eternal Feather":13,"Cracked Core":0,"ClockworkSouvenir":11},{"Nunchaku":6,"Calipers":6,"Astrolabe":10,"Eternal Feather":8,"Cracked Core":0,"ClockworkSouvenir":7},{"Nunchaku":23,"Calipers":23,"Astrolabe":49,"Eternal Feather":32,"Cracked Core":0,"ClockworkSouvenir":26}]},"card_choices":[{"not_picked":["Chill","Sweeping Beam"],"picked":"Conserve Battery","floor":1.0},{"not_picked":["Tempest","Steam"],"picked":"Compile Driver","floor":2.0},{"not_picked":["Hello World","Go for the Eyes"],"picked":"Ball Lightning","floor":3.0},{"not_picked":["Streamline","Compile Driver"],"picked":"Cold Snap","floor":4.0},{"not_picked":["Gash","Force Field","Machine Learning"],"picked":"SKIP","floor":5.0},{"not_picked":["Conserve Battery","Hello World","Hyperbeam"],"picked":"SKIP","floor":7.0},{"not_picked":["Conserve Battery","Steam","Melter"],"picked":"SKIP","floor":10.0},{"not_picked":["Reprogram","Fusion","Barrage"],"picked":"SKIP","floor":13},{"not_picked":["Reprogram","Blizzard"],"picked":"Go for the Eyes","floor":14},{"not_picked":["Double Energy","Sweeping Beam","Streamline+1"],"picked":"SKIP","floor":18},{"not_picked":["Chaos","Ball Lightning","Sweeping Beam+1"],"picked":"SKIP","floor":19}],"player_experience":831637,"relics_obtained":[{"floor":7.0,"key":"Nunchaku"},{"floor":9.0,"key":"Calipers"},{"floor":13,"key":"Eternal Feather"}],"event_choices":[{"damage_healed":0,"gold_gain":50,"player_choice":"Touch","damage_taken":6,"max_hp_gain":0,"max_hp_loss":0,"event_name":"FaceTrader","floor":12,"gold_loss":0}],"is_beta":false,"boss_relics":[{"not_picked":["Calling Bell","Ectoplasm"],"picked":"Astrolabe"}],"items_purged_floors":[20],"is_endless":false,"potions_floor_spawned":[1,5,14,16,18],"killed_by":"Centurion and Healer","ascension_level":20}