{"gold_per_floor":[119,119,44,64,74,102,102,118,118,118,118,149,149,178,178,178],"floor_reached":16,"playtime":280,"items_purged":["Pain"],"score":236,"play_id":"9c900b2a-ee6b-4711-aff6-26a0c0fc3b0a","local_time":"20240823174500","is_ascension_mode":true,"campfire_choices":[{"data":"Barrage","floor":7.0,"key":"SMITH"},{"floor":11.0,"key":"REST"},{"data":"Turbo","floor":13.0,"key":"SMITH"},{"data":"Loop","floor":15,"key":"SMITH"}],"neow_cost":"NONE","seed_source_timestamp":13242618379700,"circlet_count":0,"master_deck":["AscendersBane","Strike_B","Strike_B","Strike_B","Strike_B","Defend_B","Defend_B","Defend_B","Defend_B","Zap","Dualcast","Barrage+1","Gash","Darkness","Meteor Strike","Turbo+1","Loop+1","Conserve Battery"],"special_seed":0,"relics":["Cracked Core","NeowsBlessing","WarpedTongs","Potion Belt","Regal Pillow"],"potions_floor_usage":[16],"damage_taken":[{"damage":0.0,"enemies":"2 Louse","floor":1.0,"turns":1.0},{"damage":0.0,"enemies":"Cultist","floor":4.0,"turns":1.0},{"damage":0.0,"enemies":"Small Slimes","floor":5.0,"turns":1.0},{"damage":33.0,"enemies":"Gremlin Nob","floor":6.0,"turns":4.0},{"damage":7.0,"enemies":"2 Fungi Beasts","floor":8.0,"turns":3.0},{"damage":25.0,"enemies":"Lagavulin","floor":12.0,"turns":5.0},{"damage":24,"enemies":"3 Sentries","floor":14,"turns":8},{"damage":18,"enemies":"Hexaghost","floor":16,"turns":9}],"seed_played":"-1038176632578356730","potions_obtained":[{"floor":1.0,"key":"FairyPotion"},{"floor":8.0,"key":"Fire Potion"},{"floor":12.0,"key":"FearPotion"}],"is_trial":false,"path_per_floor":["M","?","$","M","M","E","R","M","T","?","R","E","R","E","R","B"],"character_chosen":"DEFECT","basemod:card_modifiers":[null,null,null,null,null,null,null,null,null,null,null,null,null,null,null,null,null,null],"items_purchased":[],"campfire_rested":1,"item_purchase_floors":[],"current_hp_per_floor":[64,64,64,64,64,31,31,24,24,24,45,20,20,17,17,0],"gold":178,"neow_bonus":"THREE_ENEMY_KILL","is_prod":false,"is_daily":false,"chose_seed":false,"campfire_upgraded":3,"win_rate":0,"timestamp":1724402700,"path_taken":["M","?","$","?","M","E","R","M","T","?","R","E","R","E","R","BOSS"],"build_version":"2022-12-18","purchased_purges":1,"victory":false,"max_hp_per_floor":[71,71,71,71,71,71,71,71,71,71,71,71,71,71,71,71],"relic_stats":{"Regal Pillow":0,"counters":[8,32],"obtain_stats":[{"Potion Belt":12,"Regal Pillow":14,"NeowsBlessing":0,"Cracked Core":0,"WarpedTongs":2},{"Potion Belt":6,"Regal Pillow":7,"NeowsBlessing":0,"Cracked Core":0,"WarpedTongs":1},{"Potion Belt":15,"Regal Pillow":23,"NeowsBlessing":0,"Cracked Core":0,"WarpedTongs":1}],"WarpedTongs":[31]},"card_choices":[{"not_picked":["Tempest","Streamline"],"picked":"Barrage","floor":1.0},{"not_picked":["Turbo","Force Field"],"picked":"Gash","floor":4.0},{"not_picked":["Sweeping Beam","Tempest"],"picked":"Darkness","floor":5.0},{"not_picked":["Stack","Turbo"],"picked":"Meteor Strike","floor":6.0},{"not_picked":["BootSequence","Streamline"],"picked":"Turbo","floor":8.0},{"not_picked":["Steam","Sweeping Beam"],"picked":"Loop","floor":12.0},{"not_picked":["Tempest","Leap"],"picked":"Conserve Battery","floor":14}],"player_experience":824717,"relics_obtained":[{"floor":12.0,"key":"Potion Belt"},{"floor":14,"key":"Regal Pillow"}],"event_choices":[{"damage_healed":0.0,"max_hp_gain":0.0,"max_hp_loss":0.0,"gold_gain":0.0,"event_name":"Accursed Blacksmith","player_choice":"Rummage","floor":2.0,"gold_loss":0.0,"damage_taken":0.0,"relics_obtained":["WarpedTongs"],"cards_obtained":["Pain"]},{"damage_healed":0.0,"max_hp_gain":0.0,"max_hp_loss":0.0,"gold_gain":0.0,"event_name":"Liars Game","player_choice":"Ignored","floor":10.0,"gold_loss":0.0,"damage_taken":0.0}],"is_beta":false,"boss_relics":[],"items_purged_floors":[3],"is_endless":false,"potions_floor_spawned":[1,8,12],"killed_by":"Hexaghost","ascension_level":20}