{"gold_per_floor":[10,21,40,40,60,60,135,178,201,221,13,59,59,59,59,155,155,171,171,191,106,106,126,126,145,145,188,188,226,226,239,239,330,330,348,164,189,64,83,83,103,137,137,172,201,222,222,242,242,242,242,242,242,38,78,78],"floor_reached":57,"playtime":2598,"items_purged":["Strike_G","Defend_G","Underhanded Strike","Blade Dance"],"score":3008,"play_id":"c7dfd29b-c52f-4c17-b24b-464f7d1b7996","local_time":"20240823015019","is_ascension_mode":true,"campfire_choices":[{"data":"Acrobatics","floor":6.0,"key":"SMITH"},{"data":"Tactician","floor":13.0,"key":"SMITH"},{"floor":15.0,"key":"REST"},{"data":"Wraith Form v2","floor":24.0,"key":"SMITH"},{"data":"Well Laid Plans","floor":28.0,"key":"SMITH"},{"data":"Finisher","floor":32.0,"key":"SMITH"},{"floor":40.0,"key":"RECALL"},{"data":"Backflip","floor":47.0,"key":"SMITH"},{"floor":49.0,"key":"REST"},{"data":"Acrobatics","floor":53.0,"key":"SMITH"}],"neow_cost":"NO_GOLD","seed_source_timestamp":27751622856000,"circlet_count":0,"master_deck":["AscendersBane","Defend_G","Survivor","Neutralize","Acrobatics+1","Finisher+1","Dagger Throw","Tactician+1","Calculated Gamble+1","Well Laid Plans+1","Wraith Form v2+1","Blade Dance","Terror","Grand Finale","Backflip+1","Acrobatics+1","Escape Plan"],"special_seed":0,"relics":["Ring of the Snake","Golden Idol","Strawberry","Bronze Scales","HoveringKite","Akabeko","Sundial","Darkstone Periapt","Incense Burner","Empty Cage","Blue Candle","Dream Catcher","CeramicFish","Pen Nib"],"potions_floor_usage":[56,56],"damage_taken":[{"damage":1.0,"enemies":"Small Slimes","floor":1.0,"turns":3.0},{"damage":0.0,"enemies":"Jaw Worm","floor":2.0,"turns":4.0},{"damage":1.0,"enemies":"2 Louse","floor":3.0,"turns":2.0},{"damage":20.0,"enemies":"Exordium Thugs","floor":5.0,"turns":6.0},{"damage":17.0,"enemies":"3 Sentries","floor":8.0,"turns":10.0},{"damage":0.0,"enemies":"Blue Slaver","floor":10.0,"turns":3.0},{"damage":18.0,"enemies":"The Guardian","floor":16.0,"turns":12.0},{"damage":1.0,"enemies":"Chosen","floor":18.0,"turns":4.0},{"damage":5.0,"enemies":"Shell Parasite","floor":20.0,"turns":4.0},{"damage":1.0,"enemies":"3 Cultists","floor":23.0,"turns":4.0},{"damage":16.0,"enemies":"Snecko","floor":25.0,"turns":4.0},{"damage":0.0,"enemies":"Book of Stabbing","floor":27.0,"turns":3.0},{"damage":0.0,"enemies":"Gremlin Leader","floor":29.0,"turns":6.0},{"damage":9.0,"enemies":"Centurion and Healer","floor":31.0,"turns":5.0},{"damage":13.0,"enemies":"Automaton","floor":33.0,"turns":7.0},{"damage":1.0,"enemies":"Orb Walker","floor":35.0,"turns":2.0},{"damage":0.0,"enemies":"3 Darklings","floor":37.0,"turns":1.0},{"damage":20.0,"enemies":"Writhing Mass","floor":39.0,"turns":3.0},{"damage":1.0,"enemies":"Maw","floor":41.0,"turns":6.0},{"damage":3.0,"enemies":"Reptomancer","floor":42.0,"turns":4.0},{"damage":15.0,"enemies":"Nemesis","floor":44.0,"turns":3.0},{"damage":3.0,"enemies":"4 Shapes","floor":45.0,"turns":4.0},{"damage":0.0,"enemies":"Writhing Mass","floor":46.0,"turns":2.0},{"damage":0.0,"enemies":"Sphere and 2 Shapes","floor":48.0,"turns":2.0},{"damage":0.0,"enemies":"Awakened One","floor":50.0,"turns":7.0},{"damage":1.0,"enemies":"Time Eater","floor":51.0,"turns":6.0},{"damage":0,"enemies":"Shield and Spear","floor":55,"turns":5},{"damage":32,"enemies":"The Heart","floor":56,"turns":5}],"seed_played":"8383191519403285630","potions_obtained":[{"floor":1.0,"key":"Swift Potion"},{"floor":2.0,"key":"SpeedPotion"},{"floor":8.0,"key":"LiquidMemories"},{"floor":18.0,"key":"LiquidBronze"},{"floor":23.0,"key":"AttackPotion"},{"floor":29.0,"key":"Regen Potion"},{"floor":44.0,"key":"Weak Potion"},{"floor":46.0,"key":"GamblersBrew"}],"is_trial":false,"path_per_floor":["M","M","M","?","M","R","?","E","T","M","$","T","R","?","R","B",null,"M","?","M","?","?","M","R","M","T","E","R","E","?","M","R","B",null,"M","$","M","$","M","R","M","E","T","E","M","M","R","M","R","B","B",null,"R","$","E","B",null],"character_chosen":"THE_SILENT","basemod:card_modifiers":[null,null,null,null,null,null,null,null,null,null,null,null,null,null,null,null,null],"items_purchased":["Well Laid Plans","Weak Potion","GamblersBrew","SpeedPotion"],"campfire_rested":2,"item_purchase_floors":[11,11,36,54],"current_hp_per_floor":[58,58,57,57,37,37,26,16,16,16,16,16,16,9,29,11,53,52,52,47,47,47,46,46,30,30,30,30,30,30,21,21,23,56,55,55,55,55,35,35,34,31,31,16,13,13,13,13,33,33,32,58,58,58,58,26],"gold":78,"neow_bonus":"TRANSFORM_TWO_CARDS","is_prod":false,"is_daily":false,"chose_seed":false,"campfire_upgraded":7,"win_rate":0,"timestamp":1724345419,"path_taken":["M","M","M","?","M","R","?","E","T","M","$","?","R","?","R","BOSS","M","?","M","?","?","M","R","?","T","E","R","E","?","M","R","BOSS","M","$","M","$","?","R","M","E","T","E","M","M","R","M","R","BOSS","BOSS","R","$","E","BOSS"],"build_version":"2022-12-18","purchased_purges":4,"victory":true,"max_hp_per_floor":[66,66,66,60,60,60,60,67,67,67,67,67,67,67,67,67,67,67,67,67,67,67,67,67,67,67,67,67,67,67,67,67,67,67,67,67,67,67,67,67,67,67,67,67,67,67,67,67,67,67,67,67,67,67,67,67],"relic_stats":{"Darkstone Periapt":0,"Dream Catcher":1,"counters":[28,127],"Golden Idol":196,"Sundial":[62],"Bronze Scales":[324],"Blue Candle":[1],"CeramicFish":9,"HoveringKite":[73],"Pen Nib":[2],"obtain_stats":[{"Darkstone Periapt":27,"Golden Idol":4,"Blue Candle":42,"CeramicFish":44,"HoveringKite":17,"Pen Nib":55,"Incense Burner":29,"Empty Cage":34,"Akabeko":21,"Dream Catcher":43,"Sundial":26,"Strawberry":8,"Bronze Scales":9,"Ring of the Snake":0},{"Darkstone Periapt":12,"Golden Idol":3,"Blue Candle":20,"CeramicFish":21,"HoveringKite":7,"Pen Nib":27,"Incense Burner":13,"Empty Cage":15,"Akabeko":9,"Dream Catcher":20,"Sundial":11,"Strawberry":5,"Bronze Scales":5,"Ring of the Snake":0},{"Darkstone Periapt":59,"Golden Idol":9,"Blue Candle":93,"CeramicFish":96,"HoveringKite":40,"Pen Nib":122,"Incense Burner":65,"Empty Cage":77,"Akabeko":48,"Dream Catcher":93,"Sundial":56,"Strawberry":25,"Bronze Scales":25,"Ring of the Snake":0}],"Ring of the Snake":[56]},"card_choices":[{"not_picked":["Calculated Gamble","Flying Knee"],"picked":"Dagger Throw","floor":1.0},{"not_picked":["Outmaneuver","Quick Slash"],"picked":"Tactician","floor":2.0},{"not_picked":["Slice","Prepared","Deadly Poison"],"picked":"SKIP","floor":3.0},{"not_picked":["Bullet Time","Sucker Punch"],"picked":"Underhanded Strike","floor":5.0},{"not_picked":["Underhanded Strike","Dagger Throw"],"picked":"Calculated Gamble","floor":8.0},{"not_picked":["Prepared","Underhanded Strike","Poisoned Stab"],"picked":"SKIP","floor":10.0},{"not_picked":["A Thousand Cuts","Night Terror"],"picked":"Wraith Form v2","floor":16.0},{"not_picked":["Deflect","Dagger Throw"],"picked":"Blade Dance","floor":18.0},{"not_picked":["Concentrate","Backflip"],"picked":"Terror","floor":20.0},{"not_picked":["Outmaneuver","Slice","Setup"],"picked":"SKIP","floor":23.0},{"not_picked":["Wraith Form v2","Bane","Cloak And Dagger"],"picked":"SKIP","floor":25.0},{"not_picked":["Riddle With Holes","Predator+1","Distraction"],"picked":"SKIP","floor":27.0},{"not_picked":["Glass Knife","Underhanded Strike","Well Laid Plans"],"picked":"SKIP","floor":29.0},{"not_picked":["Flying Knee","Slice+1","Deadly Poison"],"picked":"SKIP","floor":31.0},{"not_picked":["Die Die Die","Phantasmal Killer"],"picked":"Grand Finale","floor":33.0},{"not_picked":["Dagger Spray+1","Dodge and Roll+1","Slice"],"picked":"SKIP","floor":35.0},{"not_picked":["Heel Hook","Masterful Stab+1","Bane"],"picked":"SKIP","floor":37.0},{"not_picked":["Glass Knife","Prepared"],"picked":"Backflip","floor":39.0},{"not_picked":["Tactician","Setup+1"],"picked":"Acrobatics","floor":41.0},{"not_picked":["Underhanded Strike","Sucker Punch","Finisher+1"],"picked":"SKIP","floor":42.0},{"not_picked":["Prepared","Poisoned Stab","Quick Slash"],"picked":"SKIP","floor":44.0},{"not_picked":["Caltrops","Backflip"],"picked":"Escape Plan","floor":45.0},{"not_picked":["Masterful Stab+1","Caltrops+1","Skewer"],"picked":"SKIP","floor":46.0},{"not_picked":["Flechettes","Slice","Expertise"],"picked":"SKIP","floor":48.0},{"not_picked":["Outmaneuver","Endless Agony","Unload"],"picked":"SKIP","floor":55}],"player_experience":812042,"relics_obtained":[{"floor":8.0,"key":"Strawberry"},{"floor":9.0,"key":"Bronze Scales"},{"floor":26.0,"key":"Sundial"},{"floor":27.0,"key":"Darkstone Periapt"},{"floor":29.0,"key":"Incense Burner"},{"floor":42.0,"key":"Blue Candle"},{"floor":43.0,"key":"Dream Catcher"},{"floor":44.0,"key":"CeramicFish"},{"floor":55,"key":"Pen Nib"}],"event_choices":[{"damage_healed":0.0,"max_hp_gain":0.0,"max_hp_loss":6.0,"gold_gain":0.0,"event_name":"Golden Idol","player_choice":"Lose Max HP","floor":4.0,"gold_loss":0.0,"damage_taken":0.0,"relics_obtained":["Golden Idol"]},{"damage_healed":0.0,"max_hp_gain":0.0,"max_hp_loss":0.0,"gold_gain":75.0,"event_name":"World of Goop","player_choice":"Gather Gold","floor":7.0,"gold_loss":0.0,"damage_taken":11.0},{"cards_removed":["Strike_G"],"damage_healed":0.0,"max_hp_gain":0.0,"max_hp_loss":0.0,"gold_gain":0.0,"event_name":"Golden Wing","player_choice":"Card Removal","floor":14.0,"gold_loss":0.0,"damage_taken":7.0},{"cards_removed":["Strike_G"],"damage_healed":0.0,"max_hp_gain":0.0,"max_hp_loss":0.0,"gold_gain":0.0,"event_name":"Back to Basics","player_choice":"Elegance","floor":19.0,"gold_loss":0.0,"damage_taken":0.0},{"damage_healed":0.0,"max_hp_gain":0.0,"max_hp_loss":0.0,"gold_gain":0.0,"event_name":"Addict","player_choice":"Obtained Relic","floor":21.0,"gold_loss":85.0,"damage_taken":0.0,"relics_obtained":["Akabeko"]},{"damage_healed":0.0,"max_hp_gain":0.0,"max_hp_loss":0.0,"gold_gain":0.0,"cards_transformed":["Defend_G"],"event_name":"Transmorgrifier","player_choice":"Transformed","floor":22.0,"gold_loss":0.0,"damage_taken":0.0,"cards_obtained":["Blade Dance"]},{"damage_healed":0.0,"max_hp_gain":0.0,"max_hp_loss":0.0,"gold_gain":0.0,"event_name":"Accursed Blacksmith","player_choice":"Forge","floor":30.0,"gold_loss":0.0,"damage_taken":0.0,"cards_upgraded":["Calculated Gamble"]}],"is_beta":false,"boss_relics":[{"not_picked":["WristBlade","SlaversCollar"],"picked":"HoveringKite"},{"not_picked":["Philosopher\u0027s Stone","Coffee Dripper"],"picked":"Empty Cage"}],"items_purged_floors":[11,36,38,54],"is_endless":false,"potions_floor_spawned":[1,2,8,18,23,29,44,46,48,55],"ascension_level":20}