{"gold_per_floor":[369,33,48,62,73,73,107,107,107,117,117,136,136,136,136,136],"floor_reached":16,"playtime":243,"items_purged":[],"score":204,"play_id":"d0a58860-04b5-4120-9804-9560da9510a1","local_time":"20240823180817","is_ascension_mode":true,"campfire_choices":[{"data":"Defragment","floor":6,"key":"SMITH"},{"floor":8,"key":"REST"},{"data":"Fusion","floor":13,"key":"SMITH"},{"floor":15,"key":"DIG"}],"neow_cost":"CURSE","seed_source_timestamp":14691326273900,"circlet_count":0,"master_deck":["AscendersBane","Strike_B","Strike_B","Strike_B","Strike_B","Defend_B","Defend_B","Defend_B","Defend_B","Zap","Dualcast","Parasite","Go for the Eyes","Defragment+1","Ball Lightning","Tempest","Fusion+1"],"relics":["Cracked Core","Dead Branch","Lizard Tail","Shovel","Mango"],"potions_floor_usage":[7,10],"damage_taken":[{"damage":0,"enemies":"2 Louse","floor":1,"turns":2},{"damage":9,"enemies":"Jaw Worm","floor":3,"turns":4},{"damage":9,"enemies":"Small Slimes","floor":4,"turns":3},{"damage":7,"enemies":"2 Fungi Beasts","floor":5,"turns":3},{"damage":29,"enemies":"Gremlin Nob","floor":7,"turns":4},{"damage":18,"enemies":"Exordium Thugs","floor":10,"turns":4},{"damage":0,"enemies":"Large Slime","floor":12,"turns":3},{"damage":75,"enemies":"The Guardian","floor":16,"turns":9}],"seed_played":"4937040092133007829","potions_obtained":[{"floor":1,"key":"DuplicationPotion"},{"floor":7,"key":"AttackPotion"},{"floor":10,"key":"Explosive Potion"},{"floor":12,"key":"Energy Potion"}],"is_trial":false,"path_per_floor":["M","$","M","M","M","R","E","R","T","M","?","M","R","?","R","B"],"character_chosen":"DEFECT","basemod:card_modifiers":[null,null,null,null,null,null,null,null,null,null,null,null,null,null,null,null,null],"items_purchased":["Dead Branch"],"campfire_rested":1,"item_purchase_floors":[2],"current_hp_per_floor":[64,64,55,46,39,39,10,31,31,13,13,13,13,13,27,0],"gold":136,"neow_bonus":"TWO_FIFTY_GOLD","is_prod":false,"is_daily":false,"chose_seed":false,"campfire_upgraded":2,"win_rate":0,"timestamp":1724404097,"path_taken":["M","$","M","M","M","R","E","R","T","M","?","M","R","?","R","BOSS"],"build_version":"2022-12-18","purchased_purges":0,"victory":false,"max_hp_per_floor":[71,71,71,71,71,71,71,71,71,71,71,71,71,71,85,85],"relic_stats":{"Lizard Tail":42,"Shovel":1,"counters":[8,32],"Dead Branch":[13],"obtain_stats":[{"Lizard Tail":7,"Shovel":9,"Dead Branch":2,"Mango":15,"Cracked Core":0},{"Lizard Tail":5,"Shovel":5,"Dead Branch":1,"Mango":7,"Cracked Core":0},{"Lizard Tail":16,"Shovel":16,"Dead Branch":2,"Mango":23,"Cracked Core":0}]},"card_choices":[{"not_picked":["Stack","Turbo"],"picked":"Go for the Eyes","floor":1},{"not_picked":["Self Repair","Storm"],"picked":"Defragment","floor":3},{"not_picked":["FTL","Lockon"],"picked":"Ball Lightning","floor":4},{"not_picked":["Steam","Conserve Battery"],"picked":"Tempest","floor":5},{"not_picked":["Tempest","Machine Learning","Blizzard"],"picked":"SKIP","floor":7},{"not_picked":["Barrage","Sunder"],"picked":"Fusion","floor":10},{"not_picked":["Coolheaded","Beam Cell","Barrage"],"picked":"SKIP","floor":12}],"player_experience":826107,"relics_obtained":[{"floor":7,"key":"Lizard Tail"},{"floor":9,"key":"Shovel"},{"floor":15,"key":"Mango"}],"event_choices":[{"damage_healed":0,"gold_gain":0,"player_choice":"Ignored","damage_taken":0,"max_hp_gain":0,"max_hp_loss":0,"event_name":"Golden Wing","floor":11,"gold_loss":0},{"damage_healed":0,"gold_gain":0,"player_choice":"Ignored","damage_taken":0,"max_hp_gain":0,"max_hp_loss":0,"event_name":"Shining Light","floor":14,"gold_loss":0}],"is_beta":false,"boss_relics":[],"items_purged_floors":[],"is_endless":false,"potions_floor_spawned":[1,7,10,12],"killed_by":"The Guardian","ascension_level":20}