{"gold_per_floor":[117,192,192,206,224,224,240,240,289,318,7,7,7,32,32,109,109,121,121,136,148,160,191,209,259,259,292,292,303,313,341,341,420,420,440,1439,1084,1084,1094,1094,1108,1118,1118,1149,1109,1109,1142,1159,1159,1159,1159,1159,1159,837,869,869],"floor_reached":57,"playtime":2651,"items_purged":["Strike_G","Normality","Blade Dance"],"score":3539,"play_id":"f4a92e2c-d9b4-44a3-a59a-8455e59f89e8","local_time":"20240823145221","is_ascension_mode":true,"campfire_choices":[{"data":"Strike_G","floor":6.0,"key":"PURGE"},{"data":"Strike_G","floor":8.0,"key":"PURGE"},{"data":"Apotheosis","floor":13.0,"key":"SMITH"},{"data":"Defend_G","floor":15.0,"key":"PURGE"},{"data":"Distraction","floor":28.0,"key":"PURGE"},{"data":"Storm of Steel","floor":32.0,"key":"PURGE"},{"data":"Normality","floor":40,"key":"PURGE"},{"floor":46,"key":"REST"},{"floor":49,"key":"RECALL"},{"data":"A Thousand Cuts","floor":53,"key":"PURGE"}],"neow_cost":"TEN_PERCENT_HP_LOSS","seed_source_timestamp":448331740200,"circlet_count":0,"master_deck":["AscendersBane","Survivor","Neutralize+1","Flechettes+1","Escape Plan","Acrobatics","Deflect","Apotheosis+1","Caltrops","Prepared","Well Laid Plans","Terror","Calculated Gamble","Reflex","Concentrate","Adrenaline","After Image","Grand Finale","Reflex"],"special_seed":0,"relics":["Ring of the Snake","Peace Pipe","Akabeko","Centennial Puzzle","Membership Card","Unceasing Top","Pandora\u0027s Box","Girya","Anchor","Pen Nib","Ninja Scroll","HoveringKite","Strawberry","White Beast Statue","Sling","Smiling Mask","Whetstone","Lizard Tail","Boot","Bag of Preparation"],"potions_floor_usage":[42,47,51,56,56],"damage_taken":[{"damage":0.0,"enemies":"2 Louse","floor":1.0,"turns":2.0},{"damage":0.0,"enemies":"Jaw Worm","floor":4.0,"turns":4.0},{"damage":1.0,"enemies":"Cultist","floor":5.0,"turns":4.0},{"damage":1.0,"enemies":"Red Slaver","floor":7.0,"turns":4.0},{"damage":8.0,"enemies":"Gremlin Nob","floor":10.0,"turns":3.0},{"damage":0.0,"enemies":"Lagavulin","floor":14.0,"turns":4.0},{"damage":2.0,"enemies":"Hexaghost","floor":16.0,"turns":6.0},{"damage":4.0,"enemies":"Chosen","floor":18.0,"turns":4.0},{"damage":11.0,"enemies":"2 Thieves","floor":20.0,"turns":4.0},{"damage":2.0,"enemies":"Centurion and Healer","floor":21.0,"turns":3.0},{"damage":0.0,"enemies":"Sentry and Sphere","floor":22.0,"turns":4.0},{"damage":4.0,"enemies":"Slavers","floor":23.0,"turns":5.0},{"damage":3.0,"enemies":"Shelled Parasite and Fungi","floor":24.0,"turns":3.0},{"damage":0.0,"enemies":"Gremlin Leader","floor":27.0,"turns":3.0},{"damage":0.0,"enemies":"Snake Plant","floor":29.0,"turns":3.0},{"damage":0.0,"enemies":"Snecko","floor":30.0,"turns":1.0},{"damage":0.0,"enemies":"Slavers","floor":31.0,"turns":2.0},{"damage":0.0,"enemies":"Automaton","floor":33.0,"turns":3.0},{"damage":8.0,"enemies":"Orb Walker","floor":35.0,"turns":3.0},{"damage":25,"enemies":"3 Darklings","floor":39,"turns":4},{"damage":0,"enemies":"Transient","floor":41,"turns":6},{"damage":11,"enemies":"Jaw Worm Horde","floor":42,"turns":4},{"damage":0,"enemies":"Giant Head","floor":44,"turns":2},{"damage":0,"enemies":"Reptomancer","floor":47,"turns":2},{"damage":0,"enemies":"Spire Growth","floor":48,"turns":2},{"damage":0,"enemies":"Donu and Deca","floor":50,"turns":1},{"damage":0,"enemies":"Time Eater","floor":51,"turns":4},{"damage":0,"enemies":"Shield and Spear","floor":55,"turns":1},{"damage":5,"enemies":"The Heart","floor":56,"turns":5}],"seed_played":"6511315909905349248","potions_obtained":[{"floor":1.0,"key":"SpeedPotion"},{"floor":5.0,"key":"SneckoOil"},{"floor":14.0,"key":"SkillPotion"},{"floor":18.0,"key":"Weak Potion"},{"floor":22.0,"key":"Poison Potion"},{"floor":29.0,"key":"SpeedPotion"},{"floor":30.0,"key":"SneckoOil"},{"floor":31.0,"key":"Strength Potion"},{"floor":42,"key":"Swift Potion"},{"floor":45,"key":"GhostInAJar"},{"floor":45,"key":"Regen Potion"},{"floor":47,"key":"SkillPotion"},{"floor":48,"key":"Dexterity Potion"}],"is_trial":false,"path_per_floor":["M","?","?","M","M","R","M","R","T","E","$","?","R","E","R","B",null,"M","?","M","M","M","E","M","?","T","E","R","M","M","E","R","B",null,"M","?","$","?","M","R","M","M","T","E","?","R","E","M","R","B","B",null,"R","$","E","B",null],"character_chosen":"THE_SILENT","basemod:card_modifiers":[null,null,null,null,null,null,null,null,null,null,null,null,null,null,null,null,null,null,null],"items_purchased":["Membership Card","Apotheosis","Caltrops","Strawberry","White Beast Statue","Sling","Lizard Tail","Boot","PowerPotion"],"campfire_rested":1,"item_purchase_floors":[11,11,11,37,37,37,54,54,54],"current_hp_per_floor":[59,48,53,53,52,52,51,51,51,43,43,43,43,43,43,41,59,55,55,44,42,42,38,35,35,35,35,35,35,35,35,35,35,58,50,50,57,47,22,22,22,11,11,11,11,32,37,37,37,37,37,63,63,63,63,58],"gold":869,"neow_bonus":"ONE_RARE_RELIC","is_prod":false,"is_daily":false,"chose_seed":false,"campfire_upgraded":1,"win_rate":0,"timestamp":1724392341,"path_taken":["M","?","?","?","M","R","?","R","T","E","?","?","R","E","R","BOSS","M","?","?","M","M","E","M","?","T","E","R","M","M","E","R","BOSS","M","?","$","?","M","R","M","M","T","E","?","R","E","M","R","BOSS","BOSS","R","$","E","BOSS"],"build_version":"2022-12-18","purchased_purges":3,"victory":true,"max_hp_per_floor":[60,60,65,65,65,65,65,65,65,65,65,65,65,65,65,65,65,65,65,65,65,65,65,65,65,65,65,65,65,65,65,65,65,65,65,65,72,72,72,72,72,72,72,72,72,72,72,72,72,72,72,72,72,72,72,72],"relic_stats":{"Girya":0,"counters":[29,96],"HoveringKite":[27],"Pen Nib":[19],"Bag of Preparation":[0],"Whetstone":["Flechettes","Neutralize"],"Smiling Mask":13,"Boot":[3],"White Beast Statue":[0.0,0.0,0.0,0.4,0.0,0.6000000000000001,0.0,0.0,0.0,0.0,0.0,3.4],"Peace Pipe":7,"Centennial Puzzle":[30],"Lizard Tail":0,"Pandora\u0027s Box":["Prepared","Outmaneuver","Well Laid Plans","Distraction","Terror"],"Membership Card":836,"obtain_stats":[{"Girya":23,"HoveringKite":34,"Pen Nib":27,"Bag of Preparation":55,"Whetstone":47,"Sling":37,"Smiling Mask":44,"Boot":54,"Akabeko":9,"White Beast Statue":37,"Peace Pipe":0,"Centennial Puzzle":10,"Anchor":26,"Lizard Tail":54,"Ninja Scroll":31,"Strawberry":37,"Pandora\u0027s Box":17,"Membership Card":11,"Unceasing Top":14,"Ring of the Snake":0},{"Girya":12,"HoveringKite":18,"Pen Nib":14,"Bag of Preparation":28,"Whetstone":24,"Sling":19,"Smiling Mask":23,"Boot":27,"Akabeko":4,"White Beast Statue":19,"Peace Pipe":0,"Centennial Puzzle":5,"Anchor":13,"Lizard Tail":27,"Ninja Scroll":17,"Strawberry":19,"Pandora\u0027s Box":7,"Membership Card":5,"Unceasing Top":6,"Ring of the Snake":0},{"Girya":47,"HoveringKite":62,"Pen Nib":53,"Bag of Preparation":91,"Whetstone":83,"Sling":65,"Smiling Mask":81,"Boot":90,"Akabeko":14,"White Beast Statue":65,"Peace Pipe":0,"Centennial Puzzle":17,"Anchor":50,"Lizard Tail":90,"Ninja Scroll":59,"Strawberry":65,"Pandora\u0027s Box":27,"Membership Card":17,"Unceasing Top":21,"Ring of the Snake":0}],"Unceasing Top":[14],"Ring of the Snake":[58]},"card_choices":[{"not_picked":["Acrobatics","Backflip"],"picked":"Flechettes","floor":1.0},{"not_picked":["Slice","Sucker Punch"],"picked":"Escape Plan","floor":4.0},{"not_picked":["Eviscerate","Well Laid Plans"],"picked":"Acrobatics","floor":5.0},{"not_picked":["Cloak And Dagger","Quick Slash"],"picked":"Storm of Steel","floor":7.0},{"not_picked":["Slice","Cloak And Dagger"],"picked":"Deflect","floor":10.0},{"not_picked":["Infinite Blades","Sucker Punch"],"picked":"Blade Dance","floor":14.0},{"not_picked":["Die Die Die","Night Terror"],"picked":"A Thousand Cuts","floor":16.0},{"not_picked":["Dagger Spray","PiercingWail"],"picked":"Calculated Gamble","floor":18.0},{"not_picked":["Poisoned Stab","Footwork","Outmaneuver"],"picked":"SKIP","floor":20.0},{"not_picked":["Slice","Well Laid Plans"],"picked":"Concentrate","floor":21.0},{"not_picked":["Well Laid Plans","Quick Slash","Cloak And Dagger"],"picked":"SKIP","floor":22.0},{"not_picked":["Well Laid Plans","Quick Slash","Cloak And Dagger"],"picked":"SKIP","floor":22.0},{"not_picked":["Cloak And Dagger","Crippling Poison"],"picked":"Adrenaline","floor":23.0},{"not_picked":["Caltrops","Poisoned Stab","Sucker Punch"],"picked":"SKIP","floor":24.0},{"not_picked":["Terror","Deflect"],"picked":"After Image","floor":27.0},{"not_picked":["Sucker Punch","Flying Knee","All Out Attack"],"picked":"SKIP","floor":29.0},{"not_picked":["Cloak And Dagger","PiercingWail","Calculated Gamble"],"picked":"SKIP","floor":30.0},{"not_picked":["Cloak And Dagger","PiercingWail","Calculated Gamble"],"picked":"SKIP","floor":30.0},{"not_picked":["Envenom","Bouncing Flask+1","Endless Agony"],"picked":"SKIP","floor":31.0},{"not_picked":["Malaise","Storm of Steel"],"picked":"Grand Finale","floor":33.0},{"not_picked":["Slice","Eviscerate+1","Quick Slash"],"picked":"SKIP","floor":35.0},{"not_picked":["Poisoned Stab","Bouncing Flask+1","Acrobatics"],"picked":"SKIP","floor":39},{"not_picked":["Dagger Throw","Outmaneuver","Dagger Spray"],"picked":"SKIP","floor":41},{"not_picked":["Skewer","Bouncing Flask"],"picked":"Reflex","floor":42},{"not_picked":["Footwork","Accuracy","Outmaneuver+1"],"picked":"SKIP","floor":44},{"not_picked":["Noxious Fumes","Eviscerate+1","Finisher"],"picked":"SKIP","floor":47},{"not_picked":["Terror","Cloak And Dagger","Poisoned Stab"],"picked":"SKIP","floor":48},{"not_picked":["Dodge and Roll+1","Flying Knee","Acrobatics+1"],"picked":"SKIP","floor":55}],"player_experience":814640,"relics_obtained":[{"floor":9.0,"key":"Akabeko"},{"floor":10.0,"key":"Centennial Puzzle"},{"floor":14.0,"key":"Unceasing Top"},{"floor":23.0,"key":"Girya"},{"floor":26.0,"key":"Anchor"},{"floor":27.0,"key":"Pen Nib"},{"floor":31.0,"key":"Ninja Scroll"},{"floor":44,"key":"Smiling Mask"},{"floor":47,"key":"Whetstone"},{"floor":55,"key":"Bag of Preparation"}],"event_choices":[{"damage_healed":0.0,"max_hp_gain":0.0,"max_hp_loss":0.0,"gold_gain":75.0,"event_name":"World of Goop","player_choice":"Gather Gold","floor":2.0,"gold_loss":0.0,"damage_taken":11.0},{"damage_healed":0.0,"max_hp_gain":5.0,"max_hp_loss":0.0,"gold_gain":0.0,"event_name":"Big Fish","player_choice":"Donut","floor":3.0,"gold_loss":0.0,"damage_taken":0.0},{"cards_removed":["Strike_G"],"damage_healed":0.0,"max_hp_gain":0.0,"max_hp_loss":0.0,"gold_gain":0.0,"event_name":"Living Wall","player_choice":"Forget","floor":12.0,"gold_loss":0.0,"damage_taken":0.0},{"damage_healed":0.0,"max_hp_gain":0.0,"max_hp_loss":0.0,"gold_gain":0.0,"cards_transformed":["Outmaneuver"],"event_name":"Transmorgrifier","player_choice":"Transformed","floor":19.0,"gold_loss":0.0,"damage_taken":0.0,"cards_obtained":["Reflex"]},{"damage_healed":0.0,"max_hp_gain":0.0,"max_hp_loss":0.0,"gold_gain":50.0,"event_name":"Golden Shrine","player_choice":"Pray","floor":25.0,"gold_loss":0.0,"damage_taken":0.0},{"damage_healed":0.0,"max_hp_gain":0.0,"max_hp_loss":0.0,"gold_gain":999.0,"event_name":"MindBloom","player_choice":"Gold","floor":36.0,"gold_loss":0.0,"damage_taken":0.0,"cards_obtained":["Normality","Normality"]},{"damage_healed":0.0,"max_hp_gain":0.0,"max_hp_loss":0.0,"gold_gain":0.0,"event_name":"SensoryStone","player_choice":"Memory 3","floor":38.0,"gold_loss":0.0,"damage_taken":10.0},{"damage_healed":0,"gold_gain":0,"player_choice":"Bought 3 Potions","damage_taken":0,"max_hp_gain":0,"max_hp_loss":0,"event_name":"The Woman in Blue","floor":45,"gold_loss":0}],"is_beta":false,"boss_relics":[{"not_picked":["Cursed Key","SacredBark"],"picked":"Pandora\u0027s Box"},{"not_picked":["Tiny House","Astrolabe"],"picked":"HoveringKite"}],"items_purged_floors":[11,37,54],"is_endless":false,"potions_floor_spawned":[1,5,14,18,22,29,30,31,39,41,42,44,47,48,55],"ascension_level":20}