{"gold_per_floor":[111,123,133,146,162,188,200,200,200,200,230,242,5,20,20,20],"floor_reached":16,"playtime":489,"items_purged":[],"score":232,"play_id":"5fef22ad-ca60-4ed8-b7fa-8093625e4f38","local_time":"20240822191143","is_ascension_mode":true,"campfire_choices":[{"floor":8.0,"key":"REST"},{"floor":15,"key":"REST"}],"neow_cost":"NONE","seed_source_timestamp":6123265402500,"circlet_count":0,"master_deck":["AscendersBane","Strike_G","Strike_G","Strike_G","Strike_G","Defend_G","Defend_G","Defend_G","Defend_G","Defend_G","Survivor","Neutralize","Backflip","Blade Dance","Eviscerate","Catalyst","Blade Dance","Concentrate","Accuracy","Acrobatics"],"special_seed":0,"relics":["Ring of the Snake","Oddly Smooth Stone","Ancient Tea Set","Lantern","Bird Faced Urn","Membership Card"],"potions_floor_usage":[],"damage_taken":[{"damage":7.0,"enemies":"2 Louse","floor":1.0,"turns":4.0},{"damage":2.0,"enemies":"Cultist","floor":2.0,"turns":5.0},{"damage":0.0,"enemies":"Small Slimes","floor":3.0,"turns":3.0},{"damage":5.0,"enemies":"Looter","floor":4.0,"turns":3.0},{"damage":0.0,"enemies":"2 Fungi Beasts","floor":5.0,"turns":4.0},{"damage":55.0,"enemies":"Gremlin Nob","floor":6.0,"turns":5.0},{"damage":18.0,"enemies":"Exordium Thugs","floor":7.0,"turns":6.0},{"damage":15.0,"enemies":"3 Sentries","floor":11.0,"turns":9.0},{"damage":3.0,"enemies":"Large Slime","floor":12.0,"turns":4.0},{"damage":0,"enemies":"Exordium Wildlife","floor":14,"turns":4},{"damage":26,"enemies":"Hexaghost","floor":16,"turns":9}],"seed_played":"-591667369050939712","potions_obtained":[{"floor":3.0,"key":"FairyPotion"},{"floor":5.0,"key":"Swift Potion"},{"floor":7.0,"key":"PowerPotion"},{"floor":11.0,"key":"CunningPotion"}],"is_trial":false,"path_per_floor":["M","M","M","M","M","E","M","R","T","?","E","M","$","M","R","B"],"character_chosen":"THE_SILENT","basemod:card_modifiers":[null,null,null,null,null,null,null,null,null,null,null,null,null,null,null,null,null,null,null,null],"items_purchased":["Membership Card","Accuracy","Acrobatics"],"campfire_rested":2,"item_purchase_floors":[13,13,13],"current_hp_per_floor":[52,50,50,45,45,19,1,20,20,20,5,2,2,4,23,0],"gold":20,"neow_bonus":"RANDOM_COMMON_RELIC","is_prod":false,"is_daily":false,"chose_seed":false,"campfire_upgraded":0,"win_rate":0,"timestamp":1724321503,"path_taken":["M","M","M","M","M","E","M","R","T","?","E","?","$","M","R","BOSS"],"build_version":"2022-12-18","purchased_purges":0,"victory":false,"max_hp_per_floor":[66,66,66,66,66,66,66,66,66,66,66,66,66,66,66,66],"relic_stats":{"counters":[11,56],"Bird Faced Urn":[4],"Membership Card":72,"Ancient Tea Set":[4],"obtain_stats":[{"Lantern":9,"Bird Faced Urn":11,"Oddly Smooth Stone":0,"Membership Card":13,"Ancient Tea Set":6,"Ring of the Snake":0},{"Lantern":7,"Bird Faced Urn":8,"Oddly Smooth Stone":0,"Membership Card":9,"Ancient Tea Set":6,"Ring of the Snake":0},{"Lantern":30,"Bird Faced Urn":39,"Oddly Smooth Stone":0,"Membership Card":43,"Ancient Tea Set":24,"Ring of the Snake":0}],"Ring of the Snake":[22]},"card_choices":[{"not_picked":["Finisher","Calculated Gamble"],"picked":"Backflip","floor":1.0},{"not_picked":["Dagger Spray","Backflip"],"picked":"Blade Dance","floor":2.0},{"not_picked":["Quick Slash","Acrobatics"],"picked":"Eviscerate","floor":3.0},{"not_picked":["Bane","Sucker Punch","Cloak And Dagger"],"picked":"SKIP","floor":4.0},{"not_picked":["Setup","Deflect","Poisoned Stab"],"picked":"SKIP","floor":5.0},{"not_picked":["Outmaneuver","PiercingWail","Cloak And Dagger"],"picked":"SKIP","floor":6.0},{"not_picked":["Sucker Punch","Flying Knee","Backflip"],"picked":"SKIP","floor":7.0},{"not_picked":["Flying Knee","PiercingWail"],"picked":"Blade Dance","floor":11.0},{"not_picked":["Grand Finale","Footwork"],"picked":"Concentrate","floor":12.0},{"not_picked":["Dodge and Roll","Poisoned Stab","Sucker Punch"],"picked":"SKIP","floor":14}],"player_experience":804166,"relics_obtained":[{"floor":6.0,"key":"Ancient Tea Set"},{"floor":9.0,"key":"Lantern"},{"floor":11.0,"key":"Bird Faced Urn"}],"event_choices":[{"damage_healed":0.0,"max_hp_gain":0.0,"max_hp_loss":0.0,"gold_gain":0.0,"cards_transformed":["Strike_G"],"event_name":"Transmorgrifier","player_choice":"Transformed","floor":10.0,"gold_loss":0.0,"damage_taken":0.0,"cards_obtained":["Catalyst"]}],"is_beta":false,"boss_relics":[],"items_purged_floors":[],"is_endless":false,"potions_floor_spawned":[3,5,7,11],"killed_by":"Hexaghost","ascension_level":20}