{"gold_per_floor":[118,118,138,98,23,58,58,91,116,132,159,175,193,209,209,281,281,296,110,123,136,186,186,186,217,240,268,283,283,315,365,365,439,439,451,197,217,229,240,240,265,115,115,115,148,148,165,165,165,165,165],"floor_reached":51,"playtime":1656,"items_purged":["Strike_R","Strike_R","Clothesline","Shame"],"score":1620,"play_id":"59e5f0f0-878f-4cc3-a268-6f1e52ec01cb","local_time":"20240910181400","is_ascension_mode":true,"campfire_choices":[{"data":"Cleave","floor":7.0,"key":"SMITH"},{"data":"Uppercut","floor":15.0,"key":"SMITH"},{"data":"Spot Weakness","floor":23.0,"key":"SMITH"},{"data":"J.A.X.","floor":29.0,"key":"SMITH"},{"data":"Armaments","floor":32.0,"key":"SMITH"},{"floor":40.0,"key":"REST"},{"data":"Burning Pact","floor":44,"key":"SMITH"},{"floor":49,"key":"RECALL"}],"neow_cost":"NONE","seed_source_timestamp":6109027297900,"circlet_count":0,"master_deck":["AscendersBane","Bash","Sword Boomerang","Armaments+1","Cleave+1","Reaper","Pummel","Shrug It Off","Uppercut+1","Offering","Spot Weakness+1","Ghostly Armor","J.A.X.+1","Second Wind","Double Tap","Fiend Fire","Twin Strike","Dropkick","Ghostly Armor","Sentinel","Double Tap","Berserk","Sword Boomerang+1","Burning Pact+1","Shockwave","True Grit+1","Second Wind+1"],"special_seed":0,"relics":["Burning Blood","NeowsBlessing","Red Skull","Nunchaku","Strawberry","Bag of Preparation","Cursed Key","PreservedInsect","Mango","Pear","Pandora\u0027s Box","Gremlin Horn","Orichalcum"],"potions_floor_usage":[50],"damage_taken":[{"damage":0.0,"enemies":"Jaw Worm","floor":1.0,"turns":1.0},{"damage":0.0,"enemies":"2 Louse","floor":3.0,"turns":1.0},{"damage":0.0,"enemies":"Gremlin Nob","floor":6.0,"turns":1.0},{"damage":28.0,"enemies":"Lagavulin","floor":8.0,"turns":7.0},{"damage":2.0,"enemies":"Cultist","floor":10.0,"turns":4.0},{"damage":8.0,"enemies":"Gremlin Nob","floor":11.0,"turns":3.0},{"damage":8.0,"enemies":"Blue Slaver","floor":12.0,"turns":6.0},{"damage":16.0,"enemies":"2 Fungi Beasts","floor":13.0,"turns":4.0},{"damage":21.0,"enemies":"Lots of Slimes","floor":14.0,"turns":6.0},{"damage":57.0,"enemies":"Slime Boss","floor":16.0,"turns":13.0},{"damage":6.0,"enemies":"Chosen","floor":18.0,"turns":2.0},{"damage":7.0,"enemies":"3 Byrds","floor":20.0,"turns":5.0},{"damage":17.0,"enemies":"Centurion and Healer","floor":21.0,"turns":14.0},{"damage":19.0,"enemies":"Book of Stabbing","floor":25.0,"turns":4.0},{"damage":11.0,"enemies":"Slavers","floor":27.0,"turns":3.0},{"damage":32.0,"enemies":"Snake Plant","floor":28.0,"turns":5.0},{"damage":19.0,"enemies":"Book of Stabbing","floor":30.0,"turns":3.0},{"damage":29.0,"enemies":"Collector","floor":33.0,"turns":6.0},{"damage":74.0,"enemies":"3 Shapes","floor":35.0,"turns":8.0},{"damage":56.0,"enemies":"3 Darklings","floor":37.0,"turns":4.0},{"damage":65.0,"enemies":"Jaw Worm Horde","floor":38.0,"turns":3.0},{"damage":38.0,"enemies":"4 Shapes","floor":39.0,"turns":10.0},{"damage":30.0,"enemies":"Giant Head","floor":41.0,"turns":5.0},{"damage":9,"enemies":"Reptomancer","floor":45,"turns":2},{"damage":12,"enemies":"Transient","floor":47,"turns":6},{"damage":71,"enemies":"Awakened One","floor":50,"turns":8},{"damage":92,"enemies":"Donu and Deca","floor":51,"turns":5}],"seed_played":"-2646472897544738201","potions_obtained":[{"floor":1.0,"key":"Strength Potion"},{"floor":4.0,"key":"Regen Potion"},{"floor":8.0,"key":"AttackPotion"},{"floor":11.0,"key":"SkillPotion"},{"floor":14.0,"key":"EssenceOfSteel"},{"floor":16.0,"key":"FairyPotion"},{"floor":27.0,"key":"FearPotion"},{"floor":33.0,"key":"Fire Potion"},{"floor":35.0,"key":"DuplicationPotion"}],"is_trial":false,"path_per_floor":["M","?","M","?","$","E","R","E","T","M","E","M","M","M","R","B",null,"M","$","M","M","?","R","?","E","T","E","M","R","E","?","R","B",null,"M","$","M","M","M","R","E","$","T","R","E","?","M","T","R","B","B"],"character_chosen":"IRONCLAD","basemod:card_modifiers":[null,null,null,null,null,null,null,null,null,null,null,null,null,null,null,null,null,null,null,null,null,null,null,null,null,null,null],"items_purchased":["DistilledChaos","Burning Pact","Shockwave"],"campfire_rested":1,"item_purchase_floors":[19,36,36],"current_hp_per_floor":[74,79,80,80,80,80,80,58,65,69,67,65,55,70,70,27,72,72,72,75,70,70,70,70,63,63,72,46,46,43,43,43,58,98,70,70,62,41,42,75,72,72,72,72,69,69,79,79,79,49,0],"gold":165,"neow_bonus":"THREE_ENEMY_KILL","is_prod":false,"is_daily":false,"chose_seed":false,"campfire_upgraded":6,"win_rate":0,"timestamp":1725959640,"path_taken":["M","?","M","?","$","E","R","E","T","M","E","M","M","M","R","BOSS","M","$","M","M","?","R","?","E","T","E","M","R","E","?","R","BOSS","M","$","M","M","M","R","E","?","T","R","E","?","?","?","R","BOSS","BOSS"],"build_version":"2022-12-18","purchased_purges":4,"victory":false,"max_hp_per_floor":[75,80,80,80,80,80,80,80,87,87,87,87,87,87,87,87,87,87,87,87,87,87,87,87,87,87,101,101,101,111,111,111,111,111,111,111,111,111,111,111,111,111,111,111,111,111,111,111,111,111,111],"relic_stats":{"Nunchaku":[24],"Gremlin Horn":[8,8],"counters":[27,139],"Pandora\u0027s Box":["Twin Strike","Dropkick","Ghostly Armor","Sentinel","Double Tap","Berserk","Hemokinesis"],"PreservedInsect":274,"Bag of Preparation":[42],"Orichalcum":[24],"Cursed Key":1,"obtain_stats":[{"Pear":30,"NeowsBlessing":0,"Gremlin Horn":41,"Mango":27,"PreservedInsect":25,"Bag of Preparation":11,"Orichalcum":45,"Cursed Key":17,"Burning Blood":0,"Nunchaku":8,"Strawberry":9,"Pandora\u0027s Box":34,"Red Skull":6},{"Pear":17,"NeowsBlessing":0,"Gremlin Horn":23,"Mango":15,"PreservedInsect":14,"Bag of Preparation":6,"Orichalcum":24,"Cursed Key":10,"Burning Blood":0,"Nunchaku":4,"Strawberry":4,"Pandora\u0027s Box":18,"Red Skull":3},{"Pear":82,"NeowsBlessing":0,"Gremlin Horn":118,"Mango":74,"PreservedInsect":71,"Bag of Preparation":17,"Orichalcum":120,"Cursed Key":46,"Burning Blood":0,"Nunchaku":10,"Strawberry":10,"Pandora\u0027s Box":88,"Red Skull":3}],"Burning Blood":145},"card_choices":[{"not_picked":["Pummel","Shrug It Off"],"picked":"Sword Boomerang","floor":1.0},{"not_picked":["Anger","Rampage"],"picked":"Armaments","floor":3.0},{"not_picked":["Blood for Blood","Iron Wave"],"picked":"Cleave","floor":6.0},{"not_picked":["Dark Embrace","True Grit"],"picked":"Reaper","floor":8.0},{"not_picked":["True Grit","Heavy Blade"],"picked":"Clothesline","floor":10.0},{"not_picked":["Sentinel","Body Slam","Rampage"],"picked":"SKIP","floor":11.0},{"not_picked":["Infernal Blade","Sentinel"],"picked":"Pummel","floor":12.0},{"not_picked":["Dark Embrace","Pommel Strike"],"picked":"Shrug It Off","floor":13.0},{"not_picked":["Warcry","Cleave"],"picked":"Uppercut","floor":14.0},{"not_picked":["Double Tap","Feed"],"picked":"Offering","floor":16.0},{"not_picked":["Body Slam","Wild Strike","Perfected Strike+1"],"picked":"SKIP","floor":18.0},{"not_picked":["Heavy Blade","Clash"],"picked":"Spot Weakness","floor":20.0},{"not_picked":["Feel No Pain","Pommel Strike"],"picked":"Ghostly Armor","floor":21.0},{"not_picked":["Warcry","Disarm"],"picked":"Second Wind","floor":25.0},{"not_picked":["True Grit","Flex","Rage"],"picked":"SKIP","floor":27.0},{"not_picked":["Flame Barrier","Warcry","Flex"],"picked":"SKIP","floor":28.0},{"not_picked":["Blood for Blood","Inflame"],"picked":"Double Tap","floor":30.0},{"not_picked":["Demon Form","Immolate"],"picked":"Fiend Fire","floor":33.0},{"not_picked":["Headbutt","Intimidate"],"picked":"Sword Boomerang+1","floor":35.0},{"not_picked":["Clothesline","Pommel Strike"],"picked":"True Grit+1","floor":37.0},{"not_picked":["Flex+1","Twin Strike","Havoc"],"picked":"SKIP","floor":38.0},{"not_picked":["Armaments","Anger+1","Thunderclap+1"],"picked":"SKIP","floor":39.0},{"not_picked":["Thunderclap+1","Headbutt","Limit Break"],"picked":"SKIP","floor":41.0},{"not_picked":["Cleave","Iron Wave+1","Whirlwind"],"picked":"SKIP","floor":45},{"not_picked":["Fire Breathing","Shrug It Off"],"picked":"Second Wind+1","floor":47}],"player_experience":847057,"relics_obtained":[{"floor":6.0,"key":"Red Skull"},{"floor":8.0,"key":"Nunchaku"},{"floor":9.0,"key":"Strawberry"},{"floor":11.0,"key":"Bag of Preparation"},{"floor":25.0,"key":"PreservedInsect"},{"floor":27.0,"key":"Mango"},{"floor":30.0,"key":"Pear"},{"floor":41.0,"key":"Gremlin Horn"},{"floor":45,"key":"Orichalcum"}],"event_choices":[{"damage_healed":0.0,"max_hp_gain":5.0,"max_hp_loss":0.0,"gold_gain":0.0,"event_name":"Big Fish","player_choice":"Donut","floor":2.0,"gold_loss":0.0,"damage_taken":0.0},{"damage_healed":0.0,"max_hp_gain":0.0,"max_hp_loss":0.0,"gold_gain":0.0,"event_name":"The Woman in Blue","player_choice":"Bought 3 Potions","floor":4.0,"gold_loss":0.0,"damage_taken":0.0},{"damage_healed":0.0,"max_hp_gain":0.0,"max_hp_loss":0.0,"gold_gain":50.0,"event_name":"Nest","player_choice":"Stole From Cult","floor":22.0,"gold_loss":0.0,"damage_taken":0.0},{"damage_healed":0.0,"max_hp_gain":0.0,"max_hp_loss":0.0,"gold_gain":0.0,"event_name":"Drug Dealer","player_choice":"Obtain J.A.X.","floor":24.0,"gold_loss":0.0,"damage_taken":0.0,"cards_obtained":["J.A.X."]},{"damage_healed":0.0,"max_hp_gain":0.0,"max_hp_loss":0.0,"gold_gain":50.0,"event_name":"Golden Shrine","player_choice":"Pray","floor":31.0,"gold_loss":0.0,"damage_taken":0.0},{"cards_removed":["Hemokinesis"],"damage_healed":0,"gold_gain":0,"player_choice":"Purged","damage_taken":0,"max_hp_gain":0,"max_hp_loss":0,"event_name":"Purifier","floor":46,"gold_loss":0}],"is_beta":false,"boss_relics":[{"not_picked":["SlaversCollar","Philosopher\u0027s Stone"],"picked":"Cursed Key"},{"not_picked":["Runic Dome","Sozu"],"picked":"Pandora\u0027s Box"}],"items_purged_floors":[5,19,36,42],"is_endless":false,"potions_floor_spawned":[1,8,11,13,14,16,21,27,28,33,35,41,47],"killed_by":"Donu and Deca","ascension_level":20}