{"gold_per_floor":[110,110,126,141,66,66,79,79,147,187,187,187,211,238,238,345,345,319,319],"floor_reached":19,"playtime":422,"items_purged":[],"score":363,"play_id":"ab583467-f130-4cd7-a9dc-26d52b1ca104","local_time":"20240910173733","is_ascension_mode":true,"campfire_choices":[{"data":"Uppercut","floor":6.0,"key":"SMITH"},{"floor":12.0,"key":"REST"},{"floor":15,"key":"REST"}],"neow_cost":"CURSE","seed_source_timestamp":5495158625700,"circlet_count":0,"master_deck":["AscendersBane","Strike_R","Strike_R","Strike_R","Strike_R","Defend_R","Defend_R","Defend_R","Defend_R","Bash","Decay","Feed","Pommel Strike","Uppercut+1","Combust","Reaper","Power Through","Shockwave","Ghostly Armor","Double Tap","Flex"],"special_seed":0,"relics":["Burning Blood","Ancient Tea Set","White Beast Statue","CeramicFish","Golden Idol","Runic Pyramid"],"potions_floor_usage":[13,16,16],"damage_taken":[{"damage":11.0,"enemies":"Jaw Worm","floor":1.0,"turns":6.0},{"damage":10.0,"enemies":"Small Slimes","floor":3.0,"turns":6.0},{"damage":9.0,"enemies":"2 Louse","floor":4.0,"turns":3.0},{"damage":14.0,"enemies":"Blue Slaver","floor":7.0,"turns":3.0},{"damage":9.0,"enemies":"Gremlin Nob","floor":10.0,"turns":3.0},{"damage":15,"enemies":"Gremlin Gang","floor":13,"turns":4},{"damage":24,"enemies":"Large Slime","floor":14,"turns":7},{"damage":69,"enemies":"The Guardian","floor":16,"turns":17},{"damage":64,"enemies":"2 Thieves","floor":18,"turns":5},{"damage":54,"enemies":"Shell Parasite","floor":19,"turns":7}],"seed_played":"-4974670071872805303","potions_obtained":[{"floor":1.0,"key":"PowerPotion"},{"floor":4.0,"key":"Explosive Potion"},{"floor":10.0,"key":"FearPotion"},{"floor":13,"key":"FearPotion"},{"floor":14,"key":"FearPotion"},{"floor":16,"key":"Ancient Potion"},{"floor":18,"key":"EntropicBrew"}],"is_trial":false,"path_per_floor":["M","?","M","M","?","R","M","?","T","E","?","R","M","M","R","B",null,"M","M"],"character_chosen":"IRONCLAD","basemod:card_modifiers":[null,null,null,null,null,null,null,null,null,null,null,null,null,null,null,null,null,null,null,null,null],"items_purchased":[],"campfire_rested":2,"item_purchase_floors":[],"current_hp_per_floor":[66,71,70,70,70,70,65,60,60,60,27,55,53,38,68,14,82,47,0],"gold":319,"neow_bonus":"THREE_RARE_CARDS","is_prod":false,"is_daily":false,"chose_seed":false,"campfire_upgraded":1,"win_rate":0,"timestamp":1725957453,"path_taken":["M","?","M","M","?","R","M","?","T","E","?","R","M","M","R","BOSS","M","M"],"build_version":"2022-12-18","purchased_purges":0,"victory":false,"max_hp_per_floor":[78,83,86,89,89,89,92,92,92,95,95,95,98,101,101,104,104,107,107],"relic_stats":{"counters":[10,61],"Golden Idol":32,"CeramicFish":45,"Ancient Tea Set":[4],"obtain_stats":[{"Golden Idol":11,"CeramicFish":10,"Ancient Tea Set":8,"Burning Blood":0,"White Beast Statue":9,"Runic Pyramid":17},{"Golden Idol":5,"CeramicFish":5,"Ancient Tea Set":4,"Burning Blood":0,"White Beast Statue":4,"Runic Pyramid":8},{"Golden Idol":21,"CeramicFish":21,"Ancient Tea Set":18,"Burning Blood":0,"White Beast Statue":18,"Runic Pyramid":49}],"Burning Blood":54,"White Beast Statue":[0.0,0.0,0.0,0.4,0.0,0.6000000000000001,0.0,0.0,0.0,0.0,0.0,2.1048000000000004]},"card_choices":[{"not_picked":["Brutality","Impervious"],"picked":"Feed","floor":0.0},{"not_picked":["Wild Strike","Infernal Blade"],"picked":"Pommel Strike","floor":1.0},{"not_picked":["Entrench","Iron Wave"],"picked":"Uppercut","floor":3.0},{"not_picked":["Perfected Strike","Anger"],"picked":"Combust","floor":4.0},{"not_picked":["Evolve","Entrench"],"picked":"Reaper","floor":7.0},{"not_picked":["Iron Wave","Havoc"],"picked":"Power Through","floor":10.0},{"not_picked":["Twin Strike","Shrug It Off"],"picked":"Shockwave","floor":13},{"not_picked":["Anger","Dual Wield"],"picked":"Ghostly Armor","floor":14},{"not_picked":["Exhume","Bludgeon"],"picked":"Double Tap","floor":16},{"not_picked":["Anger","Perfected Strike"],"picked":"Flex","floor":18}],"player_experience":846623,"relics_obtained":[{"floor":9.0,"key":"White Beast Statue"},{"floor":10.0,"key":"CeramicFish"}],"event_choices":[{"damage_healed":0.0,"max_hp_gain":5.0,"max_hp_loss":0.0,"gold_gain":0.0,"event_name":"Big Fish","player_choice":"Donut","floor":2.0,"gold_loss":0.0,"damage_taken":0.0},{"cards_removed":["Strike_R"],"damage_healed":0.0,"max_hp_gain":0.0,"max_hp_loss":0.0,"gold_gain":0.0,"event_name":"The Cleric","player_choice":"Card Removal","floor":5.0,"gold_loss":75.0,"damage_taken":0.0},{"damage_healed":0.0,"max_hp_gain":0.0,"max_hp_loss":0.0,"gold_gain":0.0,"event_name":"Scrap Ooze","player_choice":"Success","floor":8.0,"gold_loss":0.0,"damage_taken":5.0,"relics_obtained":["Ancient Tea Set"]},{"damage_healed":0.0,"max_hp_gain":0.0,"max_hp_loss":0.0,"gold_gain":0.0,"event_name":"Golden Idol","player_choice":"Take Damage","floor":11.0,"gold_loss":0.0,"damage_taken":33.0,"relics_obtained":["Golden Idol"]}],"is_beta":false,"boss_relics":[{"not_picked":["Black Star","Calling Bell"],"picked":"Runic Pyramid"}],"items_purged_floors":[],"is_endless":false,"potions_floor_spawned":[1,4,10,13,14,16,18],"killed_by":"Shell Parasite","ascension_level":20}