{"gold_per_floor":[17,17,41,41,41,74,74,74],"floor_reached":8,"playtime":120,"items_purged":[],"score":108,"play_id":"537a49e3-d06c-4331-8667-ce06e36b6cf8","local_time":"20240910165439","is_ascension_mode":true,"campfire_choices":[{"floor":7,"key":"REST"}],"neow_cost":"NO_GOLD","seed_source_timestamp":3235669813400,"circlet_count":0,"master_deck":["AscendersBane","Strike_R","Strike_R","Strike_R","Strike_R","Strike_R","Defend_R","Defend_R","Defend_R","Defend_R","Bash","Blood for Blood","Wild Strike","Armaments"],"special_seed":0,"relics":["Burning Blood","Incense Burner","Golden Idol","Torii"],"potions_floor_usage":[6],"damage_taken":[{"damage":14.0,"enemies":"Small Slimes","floor":1.0,"turns":4.0},{"damage":9,"enemies":"Jaw Worm","floor":3,"turns":4},{"damage":26,"enemies":"Lagavulin","floor":6,"turns":7},{"damage":8,"enemies":"Gremlin Nob","floor":8,"turns":4}],"seed_played":"-6536389484502927431","potions_obtained":[{"floor":3,"key":"AttackPotion"}],"is_trial":false,"path_per_floor":["M","?","M","?","$","E","R","E"],"character_chosen":"IRONCLAD","basemod:card_modifiers":[null,null,null,null,null,null,null,null,null,null,null,null,null,null],"items_purchased":[],"campfire_rested":1,"item_purchase_floors":[],"current_hp_per_floor":[60,34,31,31,31,11,33,25],"gold":74,"neow_bonus":"ONE_RARE_RELIC","is_prod":false,"is_daily":false,"chose_seed":false,"campfire_upgraded":0,"win_rate":0,"timestamp":1725954879,"path_taken":["M","?","M","?","?","E","R","E"],"build_version":"2022-12-18","purchased_purges":0,"victory":false,"max_hp_per_floor":[75,75,75,75,75,75,75,75],"relic_stats":{"Torii":0,"counters":[4,19],"Golden Idol":12,"obtain_stats":[{"Torii":6,"Golden Idol":2,"Incense Burner":0,"Burning Blood":0},{"Torii":3,"Golden Idol":1,"Incense Burner":0,"Burning Blood":0},{"Torii":15,"Golden Idol":4,"Incense Burner":0,"Burning Blood":0}],"Burning Blood":18},"card_choices":[{"not_picked":["Iron Wave","Shrug It Off"],"picked":"Blood for Blood","floor":1.0},{"not_picked":["Havoc","Flex"],"picked":"Wild Strike","floor":3},{"not_picked":["Rage","Perfected Strike"],"picked":"Armaments","floor":6}],"player_experience":844538,"relics_obtained":[{"floor":6,"key":"Torii"}],"event_choices":[{"damage_healed":0.0,"max_hp_gain":0.0,"max_hp_loss":0.0,"gold_gain":0.0,"event_name":"Golden Idol","player_choice":"Take Damage","floor":2.0,"gold_loss":0.0,"damage_taken":26.0,"relics_obtained":["Golden Idol"]},{"damage_healed":0,"gold_gain":0,"player_choice":"Ignored","damage_taken":0,"max_hp_gain":0,"max_hp_loss":0,"event_name":"Liars Game","floor":4,"gold_loss":0}],"is_beta":false,"boss_relics":[],"items_purged_floors":[],"is_endless":false,"potions_floor_spawned":[3],"killed_by":"Gremlin Nob","ascension_level":20}