{"gold_per_floor":[111,129,145,157,157,157,172,207,230,230,240,274,274,289,289,289],"floor_reached":16,"playtime":222,"items_purged":[],"score":228,"play_id":"7b5c66c0-0fb0-4f9b-a994-0cff9257e1b5","local_time":"20240910171456","is_ascension_mode":true,"campfire_choices":[{"data":"Carnage","floor":6.0,"key":"SMITH"},{"data":"Cleave","floor":13.0,"key":"SMITH"},{"data":"Carnage","floor":15.0,"key":"SMITH"}],"neow_cost":"NONE","seed_source_timestamp":4312354905800,"circlet_count":0,"master_deck":["AscendersBane","Strike_R","Strike_R","Strike_R","Strike_R","Strike_R","Defend_R","Defend_R","Defend_R","Defend_R","Bash","Anger","Carnage+1","Cleave+1","Second Wind","Carnage+1","Feed"],"special_seed":0,"relics":["Burning Blood","NeowsBlessing","Juzu Bracelet","Oddly Smooth Stone","Lantern"],"potions_floor_usage":[16],"damage_taken":[{"damage":0.0,"enemies":"Jaw Worm","floor":1.0,"turns":1.0},{"damage":0.0,"enemies":"Small Slimes","floor":2.0,"turns":1.0},{"damage":0.0,"enemies":"Cultist","floor":3.0,"turns":1.0},{"damage":7.0,"enemies":"Looter","floor":4.0,"turns":4.0},{"damage":12.0,"enemies":"3 Louse","floor":7.0,"turns":3.0},{"damage":30.0,"enemies":"3 Sentries","floor":8.0,"turns":8.0},{"damage":0.0,"enemies":"2 Fungi Beasts","floor":11.0,"turns":2.0},{"damage":8.0,"enemies":"Gremlin Nob","floor":12.0,"turns":3.0},{"damage":0.0,"enemies":"Gremlin Gang","floor":14.0,"turns":2.0},{"damage":68,"enemies":"Hexaghost","floor":16,"turns":7}],"seed_played":"-3328469915538286459","potions_obtained":[{"floor":3.0,"key":"PowerPotion"},{"floor":4.0,"key":"Energy Potion"},{"floor":12.0,"key":"Fruit Juice"}],"is_trial":false,"path_per_floor":["M","M","M","M","?","R","M","E","T","?","M","E","R","M","R","B"],"character_chosen":"IRONCLAD","basemod:card_modifiers":[null,null,null,null,null,null,null,null,null,null,null,null,null,null,null,null,null],"items_purchased":[],"campfire_rested":0,"item_purchase_floors":[],"current_hp_per_floor":[74,75,75,74,79,79,73,49,49,49,55,53,53,62,62,0],"gold":289,"neow_bonus":"THREE_ENEMY_KILL","is_prod":false,"is_daily":false,"chose_seed":false,"campfire_upgraded":3,"win_rate":0,"timestamp":1725956096,"path_taken":["M","M","M","M","?","R","M","E","T","?","M","E","R","M","R","BOSS"],"build_version":"2022-12-18","purchased_purges":0,"victory":false,"max_hp_per_floor":[75,75,75,75,80,80,80,80,80,80,80,80,80,83,83,83],"relic_stats":{"counters":[10,32],"Juzu Bracelet":0,"obtain_stats":[{"Lantern":12,"NeowsBlessing":0,"Oddly Smooth Stone":9,"Juzu Bracelet":8,"Burning Blood":0},{"Lantern":8,"NeowsBlessing":0,"Oddly Smooth Stone":6,"Juzu Bracelet":6,"Burning Blood":0},{"Lantern":23,"NeowsBlessing":0,"Oddly Smooth Stone":18,"Juzu Bracelet":18,"Burning Blood":0}],"Burning Blood":43},"card_choices":[{"not_picked":["Perfected Strike","Sentinel"],"picked":"Anger","floor":1.0},{"not_picked":["Feel No Pain","Armaments"],"picked":"Carnage","floor":2.0},{"not_picked":["Iron Wave","True Grit","Infernal Blade"],"picked":"SKIP","floor":3.0},{"not_picked":["Iron Wave","Intimidate"],"picked":"Cleave","floor":4.0},{"not_picked":["Anger","Sword Boomerang"],"picked":"Second Wind","floor":7.0},{"not_picked":["Clash","Infernal Blade"],"picked":"Carnage","floor":8.0},{"not_picked":["Heavy Blade","Havoc"],"picked":"Feed","floor":11.0},{"not_picked":["Twin Strike","Metallicize","Havoc"],"picked":"SKIP","floor":12.0},{"not_picked":["Rage","Warcry","Thunderclap"],"picked":"SKIP","floor":14.0}],"player_experience":845543,"relics_obtained":[{"floor":8.0,"key":"Juzu Bracelet"},{"floor":9.0,"key":"Oddly Smooth Stone"},{"floor":12.0,"key":"Lantern"}],"event_choices":[{"damage_healed":0.0,"max_hp_gain":5.0,"max_hp_loss":0.0,"gold_gain":0.0,"event_name":"Big Fish","player_choice":"Donut","floor":5.0,"gold_loss":0.0,"damage_taken":0.0},{"damage_healed":0.0,"max_hp_gain":0.0,"max_hp_loss":0.0,"gold_gain":0.0,"event_name":"Match and Keep!","player_choice":"0 cards matched","floor":10.0,"gold_loss":0.0,"damage_taken":0.0,"cards_obtained":[]}],"is_beta":false,"boss_relics":[],"items_purged_floors":[],"is_endless":false,"potions_floor_spawned":[3,4,11,12],"killed_by":"Hexaghost","ascension_level":20}