{"gold_per_floor":[111,111,111,127,127,161,179,179,179,179,207,207,221,24,24,101,101,112,112,127,127,127,141,141,173,253,287,299,299,317,352,352,425,425,436,361,372,372,423,451,451,478,525,525,537,537,549,574,574,574,574,574,574,98,131,131],"floor_reached":57,"playtime":1915,"items_purged":["Dagger Spray","Quick Slash"],"score":3362,"play_id":"6a7db8b8-c9a6-4a47-ad03-f1a645d8a75f","local_time":"20240909231843","is_ascension_mode":true,"campfire_choices":[{"data":"Blade Dance","floor":8.0,"key":"SMITH"},{"floor":15.0,"key":"REST"},{"data":"Apotheosis","floor":24.0,"key":"SMITH"},{"floor":29.0,"key":"REST"},{"floor":32.0,"key":"REST"},{"floor":44,"key":"RECALL"},{"floor":46,"key":"REST"},{"data":"Calculated Gamble","floor":49,"key":"SMITH"},{"data":"Reflex","floor":53,"key":"SMITH"}],"neow_cost":"NONE","seed_source_timestamp":5319801211600,"circlet_count":0,"master_deck":["AscendersBane","Survivor+1","Neutralize","Blade Dance+1","Poisoned Stab","PiercingWail","Apotheosis+1","After Image","Masterful Stab","Blur","Blade Dance","Burst","Quick Slash","Die Die Die","Dagger Spray","Ghostly","Ghostly","Ghostly","Acrobatics","Prepared","Escape Plan","Footwork","Adrenaline","Acrobatics","Phantasmal Killer","Calculated Gamble+1","Reflex+1","Backflip"],"special_seed":0,"relics":["Ring of the Snake","NeowsBlessing","Question Card","HornCleat","Orichalcum","Pandora\u0027s Box","Sundial","Bottled Lightning","Gambling Chip","Philosopher\u0027s Stone","The Specimen","Shuriken","MealTicket","Ice Cream","Mango","Centennial Puzzle"],"potions_floor_usage":[56,56],"damage_taken":[{"damage":0.0,"enemies":"2 Louse","floor":1.0,"turns":1.0},{"damage":0.0,"enemies":"Jaw Worm","floor":4.0,"turns":1.0},{"damage":0.0,"enemies":"Gremlin Nob","floor":6.0,"turns":1.0},{"damage":0.0,"enemies":"Small Slimes","floor":7.0,"turns":2.0},{"damage":39.0,"enemies":"Lagavulin","floor":11.0,"turns":7.0},{"damage":0.0,"enemies":"Blue Slaver","floor":13.0,"turns":3.0},{"damage":16.0,"enemies":"The Guardian","floor":16.0,"turns":15.0},{"damage":14.0,"enemies":"2 Thieves","floor":18.0,"turns":4.0},{"damage":7.0,"enemies":"Chosen","floor":20.0,"turns":6.0},{"damage":1.0,"enemies":"3 Cultists","floor":23.0,"turns":5.0},{"damage":0.0,"enemies":"Gremlin Leader","floor":25.0,"turns":7.0},{"damage":10.0,"enemies":"Slavers","floor":27.0,"turns":5.0},{"damage":0.0,"enemies":"Snake Plant","floor":28.0,"turns":5.0},{"damage":8.0,"enemies":"Centurion and Healer","floor":30.0,"turns":4.0},{"damage":0.0,"enemies":"Gremlin Leader","floor":31.0,"turns":6.0},{"damage":2.0,"enemies":"Champ","floor":33.0,"turns":15.0},{"damage":0.0,"enemies":"Orb Walker","floor":35.0,"turns":3.0},{"damage":0.0,"enemies":"3 Shapes","floor":37.0,"turns":4.0},{"damage":0.0,"enemies":"2 Orb Walkers","floor":39.0,"turns":6.0},{"damage":0.0,"enemies":"Reptomancer","floor":40.0,"turns":6.0},{"damage":0,"enemies":"Nemesis","floor":42,"turns":5},{"damage":0,"enemies":"Jaw Worm Horde","floor":45,"turns":3},{"damage":0,"enemies":"Transient","floor":47,"turns":6},{"damage":0,"enemies":"Giant Head","floor":48,"turns":4},{"damage":0,"enemies":"Awakened One","floor":50,"turns":6},{"damage":0,"enemies":"Donu and Deca","floor":51,"turns":6},{"damage":0,"enemies":"Shield and Spear","floor":55,"turns":6},{"damage":16,"enemies":"The Heart","floor":56,"turns":8}],"seed_played":"2253459323290409847","potions_obtained":[{"floor":6.0,"key":"SmokeBomb"},{"floor":16.0,"key":"SneckoOil"},{"floor":18.0,"key":"Explosive Potion"},{"floor":27.0,"key":"SmokeBomb"},{"floor":30.0,"key":"PowerPotion"},{"floor":31.0,"key":"SteroidPotion"},{"floor":37.0,"key":"Ancient Potion"}],"is_trial":false,"path_per_floor":["M","?","?","M","?","E","M","R","T","?","E","?","M","$","R","B",null,"M","?","M","?","?","M","R","E","T","E","M","R","M","E","R","B",null,"M","$","M","?","?","E","?","E","T","R","M","R","M","E","R","B","B",null,"R","$","E","B",null],"character_chosen":"THE_SILENT","basemod:card_modifiers":[null,null,null,null,null,null,null,null,null,null,null,null,null,null,null,null,null,null,null,null,null,null,null,null,null,null,null,null],"items_purchased":["Apotheosis","Backflip","Mango"],"campfire_rested":4,"item_purchase_floors":[14,54,54],"current_hp_per_floor":[59,59,39,39,32,32,32,32,32,54,15,15,15,15,34,18,54,40,33,26,19,19,18,18,18,18,8,8,19,11,11,22,20,34,34,34,34,34,34,34,34,34,34,34,34,38,38,38,38,38,38,38,38,52,52,36],"gold":131,"neow_bonus":"THREE_ENEMY_KILL","is_prod":false,"is_daily":false,"chose_seed":false,"campfire_upgraded":4,"win_rate":0,"timestamp":1725891523,"path_taken":["M","?","?","M","?","E","M","R","T","?","E","?","M","?","R","BOSS","M","?","M","?","?","M","R","E","T","E","M","R","M","E","R","BOSS","M","$","M","?","?","E","?","E","T","R","M","R","M","E","R","BOSS","BOSS","R","$","E","BOSS"],"build_version":"2022-12-18","purchased_purges":2,"victory":true,"max_hp_per_floor":[66,66,66,66,66,66,66,66,66,66,66,66,66,66,66,66,66,66,33,33,38,38,38,38,38,38,38,38,38,38,38,38,38,38,38,38,38,38,38,38,38,38,38,38,38,38,38,38,38,38,38,38,38,52,52,52],"relic_stats":{"Ice Cream":[20],"The Specimen":[3],"counters":[28,150],"Orichalcum":[102],"Question Card":22,"Centennial Puzzle":[3],"Sundial":[24],"Shuriken":[57],"Gambling Chip":[47],"Pandora\u0027s Box":["Quick Slash","Masterful Stab","Blur","Blade Dance","Burst","Quick Slash","Die Die Die","Dagger Spray"],"MealTicket":0,"Bottled Lightning":"Apotheosis","obtain_stats":[{"Ice Cream":48,"NeowsBlessing":0,"The Specimen":39,"Mango":54,"Orichalcum":11,"Question Card":6,"Centennial Puzzle":55,"HornCleat":9,"Sundial":25,"Shuriken":40,"Gambling Chip":31,"Pandora\u0027s Box":17,"Philosopher\u0027s Stone":34,"MealTicket":43,"Bottled Lightning":27,"Ring of the Snake":0},{"Ice Cream":24,"NeowsBlessing":0,"The Specimen":19,"Mango":26,"Orichalcum":5,"Question Card":3,"Centennial Puzzle":27,"HornCleat":4,"Sundial":11,"Shuriken":20,"Gambling Chip":15,"Pandora\u0027s Box":7,"Philosopher\u0027s Stone":16,"MealTicket":21,"Bottled Lightning":12,"Ring of the Snake":0},{"Ice Cream":124,"NeowsBlessing":0,"The Specimen":100,"Mango":136,"Orichalcum":12,"Question Card":3,"Centennial Puzzle":142,"HornCleat":5,"Sundial":52,"Shuriken":106,"Gambling Chip":72,"Pandora\u0027s Box":30,"Philosopher\u0027s Stone":87,"MealTicket":111,"Bottled Lightning":57,"Ring of the Snake":0}],"Ring of the Snake":[56]},"card_choices":[{"not_picked":["Sucker Punch","Poisoned Stab"],"picked":"Dagger Spray","floor":1.0},{"not_picked":["PiercingWail","All Out Attack"],"picked":"Blade Dance","floor":4.0},{"not_picked":["Flying Knee","Poisoned Stab","Skewer"],"picked":"SKIP","floor":6.0},{"not_picked":["Crippling Poison","Dash","Deadly Poison"],"picked":"Backstab","floor":7.0},{"not_picked":["Dagger Throw","Deflect","Riddle With Holes"],"picked":"Poisoned Stab","floor":11.0},{"not_picked":["Setup","Sucker Punch","Grand Finale"],"picked":"PiercingWail","floor":13.0},{"not_picked":["Storm of Steel","Envenom","Wraith Form v2"],"picked":"After Image","floor":16.0},{"not_picked":["Deadly Poison","Dash","Outmaneuver+1","Underhanded Strike"],"picked":"SKIP","floor":18.0},{"not_picked":["Sucker Punch+1","Blade Dance","Prepared","Predator"],"picked":"SKIP","floor":20.0},{"not_picked":["Dagger Throw","Flying Knee+1","Catalyst"],"picked":"Acrobatics","floor":23.0},{"not_picked":["Dodge and Roll","Flying Knee","Slice"],"picked":"Prepared","floor":25.0},{"not_picked":["Flying Knee","Distraction","Endless Agony","Bane"],"picked":"SKIP","floor":27.0},{"not_picked":["PiercingWail","Footwork","Dash"],"picked":"Escape Plan","floor":28.0},{"not_picked":["Distraction","PiercingWail","Malaise","Blade Dance"],"picked":"SKIP","floor":30.0},{"not_picked":["All Out Attack","Quick Slash","Bouncing Flask+1"],"picked":"Footwork","floor":31.0},{"not_picked":["Malaise","Doppelganger","Venomology"],"picked":"Adrenaline","floor":33.0},{"not_picked":["Poisoned Stab","Deflect+1","Bane"],"picked":"Acrobatics","floor":35.0},{"not_picked":["Dodge and Roll","Underhanded Strike","Terror","Bane"],"picked":"SKIP","floor":37.0},{"not_picked":["Quick Slash+1","Sucker Punch","Poisoned Stab"],"picked":"Phantasmal Killer","floor":40.0},{"not_picked":["Dodge and Roll","Eviscerate","Slice+1","Dagger Spray"],"picked":"SKIP","floor":42},{"not_picked":["Deflect+1","Endless Agony","Poisoned Stab"],"picked":"Calculated Gamble","floor":45},{"not_picked":["PiercingWail","Choke","Eviscerate"],"picked":"Reflex","floor":47},{"not_picked":["Dash","Noxious Fumes","Blade Dance","Dodge and Roll+1"],"picked":"SKIP","floor":48},{"not_picked":["Quick Slash","Slice+1","Dash+1","Blade Dance"],"picked":"SKIP","floor":55}],"player_experience":837493,"relics_obtained":[{"floor":6.0,"key":"Question Card"},{"floor":9.0,"key":"HornCleat"},{"floor":11.0,"key":"Orichalcum"},{"floor":25.0,"key":"Sundial"},{"floor":27.0,"key":"Bottled Lightning"},{"floor":31.0,"key":"Gambling Chip"},{"floor":39.0,"key":"The Specimen"},{"floor":40.0,"key":"Shuriken"},{"floor":43,"key":"MealTicket"},{"floor":48,"key":"Ice Cream"},{"floor":55,"key":"Centennial Puzzle"}],"event_choices":[{"cards_removed":["Defend_G"],"damage_healed":0.0,"max_hp_gain":0.0,"max_hp_loss":0.0,"gold_gain":0.0,"event_name":"Living Wall","player_choice":"Forget","floor":2.0,"gold_loss":0.0,"damage_taken":0.0},{"damage_healed":0.0,"max_hp_gain":0.0,"max_hp_loss":0.0,"gold_gain":0.0,"event_name":"Shining Light","player_choice":"Entered Light","floor":3.0,"gold_loss":0.0,"damage_taken":20.0,"cards_upgraded":["Defend_G","Survivor"]},{"cards_removed":["Strike_G"],"damage_healed":0.0,"max_hp_gain":0.0,"max_hp_loss":0.0,"gold_gain":0.0,"event_name":"Golden Wing","player_choice":"Card Removal","floor":5.0,"gold_loss":0.0,"damage_taken":7.0},{"damage_healed":22.0,"max_hp_gain":0.0,"max_hp_loss":0.0,"gold_gain":0.0,"event_name":"Big Fish","player_choice":"Banana","floor":10.0,"gold_loss":0.0,"damage_taken":0.0},{"damage_healed":0.0,"max_hp_gain":0.0,"max_hp_loss":0.0,"gold_gain":0.0,"event_name":"Liars Game","player_choice":"Ignored","floor":12.0,"gold_loss":0.0,"damage_taken":0.0},{"damage_healed":0.0,"max_hp_gain":0.0,"max_hp_loss":33.0,"gold_gain":0.0,"event_name":"Ghosts","player_choice":"Became a Ghost","floor":19.0,"gold_loss":0.0,"damage_taken":0.0,"cards_obtained":["Ghostly","Ghostly","Ghostly"]},{"damage_healed":0.0,"max_hp_gain":5.0,"max_hp_loss":0.0,"gold_gain":0.0,"event_name":"Forgotten Altar","player_choice":"Shed Blood","floor":21.0,"gold_loss":0.0,"damage_taken":12.0},{"damage_healed":0.0,"max_hp_gain":0.0,"max_hp_loss":0.0,"gold_gain":0.0,"event_name":"The Mausoleum","player_choice":"Ignored","floor":22.0,"gold_loss":0.0,"damage_taken":0.0},{"cards_removed":["Backstab"],"damage_healed":0.0,"max_hp_gain":0.0,"max_hp_loss":0.0,"gold_gain":0.0,"event_name":"Falling","player_choice":"Removed Attack","floor":38.0,"gold_loss":0.0,"damage_taken":0.0},{"damage_healed":0.0,"max_hp_gain":0.0,"max_hp_loss":0.0,"gold_gain":0.0,"event_name":"Mysterious Sphere","player_choice":"Fight","floor":39.0,"gold_loss":0.0,"damage_taken":0.0},{"damage_healed":0.0,"max_hp_gain":0.0,"max_hp_loss":0.0,"gold_gain":0.0,"event_name":"Tomb of Lord Red Mask","player_choice":"Ignored","floor":41.0,"gold_loss":0.0,"damage_taken":0.0}],"is_beta":false,"boss_relics":[{"not_picked":["Runic Pyramid","HoveringKite"],"picked":"Pandora\u0027s Box"},{"not_picked":["Snecko Eye","Velvet Choker"],"picked":"Philosopher\u0027s Stone"}],"items_purged_floors":[36,54],"is_endless":false,"potions_floor_spawned":[6,16,18,27,30,31,37,42,45],"ascension_level":20}