{"gold_per_floor":[368,378,97,117,117,151,171,171,171,196,196,216,95,109,109,186,186,202,202,218,218,218,218,228,24,24,40,71,71,85,105,105,105],"floor_reached":33,"playtime":1238,"items_purged":["Strike_R","Strike_R","Clash"],"score":583,"play_id":"929e967f-2b03-491c-9ee7-bdb3e2c7c77e","local_time":"20240903003458","is_ascension_mode":true,"campfire_choices":[{"data":"Disarm","floor":8.0,"key":"SMITH"},{"data":"Hemokinesis","floor":11.0,"key":"SMITH"},{"floor":15.0,"key":"REST"},{"floor":23,"key":"REST"},{"data":"Rupture","floor":29,"key":"SMITH"},{"data":"Barricade","floor":32,"key":"SMITH"}],"neow_cost":"TEN_PERCENT_HP_LOSS","seed_source_timestamp":32322121580000,"circlet_count":0,"master_deck":["AscendersBane","Bash","Disarm+1","Pommel Strike","Hemokinesis+1","Reaper","Shrug It Off","Barricade+1","Berserk","Battle Trance","Reaper","Exhume","Brutality","Rage","Impervious","Uppercut","Bite","Bite","Bite","Bite","Bite","Rupture+1","Ghostly Armor"],"special_seed":0,"relics":["Burning Blood","Membership Card","PreservedInsect","Letter Opener","Self Forming Clay","Bottled Lightning","Pandora\u0027s Box","OrangePellets","Eternal Feather","Smiling Mask"],"potions_floor_usage":[27,28,33],"damage_taken":[{"damage":9.0,"enemies":"Jaw Worm","floor":1.0,"turns":5.0},{"damage":3.0,"enemies":"2 Louse","floor":2.0,"turns":3.0},{"damage":15.0,"enemies":"Small Slimes","floor":4.0,"turns":4.0},{"damage":21.0,"enemies":"Lagavulin","floor":6.0,"turns":5.0},{"damage":7.0,"enemies":"Exordium Thugs","floor":7.0,"turns":4.0},{"damage":19.0,"enemies":"3 Sentries","floor":10.0,"turns":7.0},{"damage":2.0,"enemies":"2 Fungi Beasts","floor":12.0,"turns":4.0},{"damage":22.0,"enemies":"Large Slime","floor":14.0,"turns":6.0},{"damage":16.0,"enemies":"The Guardian","floor":16.0,"turns":23.0},{"damage":33.0,"enemies":"Spheric Guardian","floor":18.0,"turns":5.0},{"damage":34.0,"enemies":"Shell Parasite","floor":20.0,"turns":9.0},{"damage":30,"enemies":"Snake Plant","floor":24,"turns":8},{"damage":16,"enemies":"Snecko","floor":27,"turns":7},{"damage":53,"enemies":"Gremlin Leader","floor":28,"turns":9},{"damage":22,"enemies":"Shelled Parasite and Fungi","floor":30,"turns":6},{"damage":29,"enemies":"Snake Plant","floor":31,"turns":5},{"damage":66,"enemies":"Automaton","floor":33,"turns":8}],"seed_played":"-7083654089577637721","potions_obtained":[{"floor":2.0,"key":"PowerPotion"},{"floor":4.0,"key":"AttackPotion"},{"floor":6.0,"key":"PowerPotion"},{"floor":12.0,"key":"SmokeBomb"},{"floor":24,"key":"Energy Potion"},{"floor":27,"key":"DuplicationPotion"},{"floor":31,"key":"Explosive Potion"}],"is_trial":false,"path_per_floor":["M","M","$","M","?","E","M","R","T","E","R","M","$","M","R","B",null,"M","?","M","?","?","R","M","$","T","M","E","R","M","M","R","B"],"character_chosen":"IRONCLAD","basemod:card_modifiers":[null,null,null,null,null,null,null,null,null,null,null,null,null,null,null,null,null,null,null,null,null,null,null],"items_purchased":["Membership Card","PreservedInsect","Reaper","Shrug It Off","OrangePellets","Rupture","Ghostly Armor"],"campfire_rested":2,"item_purchase_floors":[3,3,13,13,25,25,25],"current_hp_per_floor":[65,68,68,59,68,53,52,52,52,39,39,43,43,35,55,49,63,40,40,22,22,22,36,37,37,37,41,47,47,47,37,47,0],"gold":105,"neow_bonus":"TWO_FIFTY_GOLD","is_prod":false,"is_daily":false,"chose_seed":false,"campfire_upgraded":4,"win_rate":0,"timestamp":1725291298,"path_taken":["M","M","$","M","?","E","M","R","T","E","R","M","$","M","R","BOSS","M","?","M","?","?","R","?","$","T","M","E","R","M","M","R","BOSS"],"build_version":"2022-12-18","purchased_purges":3,"victory":false,"max_hp_per_floor":[68,68,68,68,68,68,68,68,68,68,68,68,68,68,68,68,68,68,68,68,47,47,47,47,47,47,47,47,47,47,47,47,47],"relic_stats":{"OrangePellets":[13],"counters":[17,118],"Self Forming Clay":[261],"Pandora\u0027s Box":["Berserk","Battle Trance","Reaper","Exhume","Brutality","Twin Strike","Clothesline"],"Eternal Feather":10,"PreservedInsect":109,"Membership Card":438,"Letter Opener":[48],"Bottled Lightning":"Disarm","Smiling Mask":0,"obtain_stats":[{"OrangePellets":25,"Self Forming Clay":9,"Pandora\u0027s Box":17,"Eternal Feather":26,"PreservedInsect":3,"Membership Card":3,"Letter Opener":6,"Bottled Lightning":10,"Smiling Mask":28,"Burning Blood":0},{"OrangePellets":12,"Self Forming Clay":5,"Pandora\u0027s Box":9,"Eternal Feather":12,"PreservedInsect":2,"Membership Card":2,"Letter Opener":4,"Bottled Lightning":6,"Smiling Mask":14,"Burning Blood":0},{"OrangePellets":83,"Self Forming Clay":21,"Pandora\u0027s Box":61,"Eternal Feather":83,"PreservedInsect":8,"Membership Card":8,"Letter Opener":17,"Bottled Lightning":28,"Smiling Mask":99,"Burning Blood":0}],"Burning Blood":84},"card_choices":[{"not_picked":["Infernal Blade","Anger"],"picked":"Clash","floor":1.0},{"not_picked":["Wild Strike","Armaments"],"picked":"Disarm","floor":2.0},{"not_picked":["Entrench","Iron Wave"],"picked":"Pommel Strike","floor":4.0},{"not_picked":["Double Tap","Burning Pact"],"picked":"Hemokinesis","floor":6.0},{"not_picked":["Sword Boomerang","Searing Blow","Burning Pact"],"picked":"SKIP","floor":7.0},{"not_picked":["Entrench","Headbutt","Iron Wave"],"picked":"SKIP","floor":10.0},{"not_picked":["Clash","Twin Strike","Perfected Strike"],"picked":"SKIP","floor":12.0},{"not_picked":["Shrug It Off","Clash","Pummel"],"picked":"SKIP","floor":14.0},{"not_picked":["Feed","Bludgeon"],"picked":"Barricade","floor":16.0},{"not_picked":["Warcry","Havoc"],"picked":"Rage","floor":18.0},{"not_picked":["Infernal Blade","Flex","Heavy Blade"],"picked":"SKIP","floor":20.0},{"not_picked":["Dual Wield","Warcry","Iron Wave"],"picked":"SKIP","floor":24},{"not_picked":["True Grit","Body Slam","Headbutt"],"picked":"SKIP","floor":27},{"not_picked":["Body Slam","Sever Soul","Anger"],"picked":"SKIP","floor":28},{"not_picked":["Rage","Combust","Armaments"],"picked":"SKIP","floor":30},{"not_picked":["Hemokinesis","Pommel Strike","Brutality"],"picked":"SKIP","floor":31}],"player_experience":834093,"relics_obtained":[{"floor":6.0,"key":"Letter Opener"},{"floor":9.0,"key":"Self Forming Clay"},{"floor":10.0,"key":"Bottled Lightning"},{"floor":26,"key":"Eternal Feather"},{"floor":28,"key":"Smiling Mask"}],"event_choices":[{"damage_healed":22.0,"max_hp_gain":0.0,"max_hp_loss":0.0,"gold_gain":0.0,"event_name":"Big Fish","player_choice":"Banana","floor":5.0,"gold_loss":0.0,"damage_taken":0.0},{"damage_healed":0.0,"max_hp_gain":0.0,"max_hp_loss":0.0,"gold_gain":0.0,"cards_transformed":["Twin Strike","Clothesline"],"event_name":"Drug Dealer","player_choice":"Became Test Subject","floor":19.0,"gold_loss":0.0,"damage_taken":0.0,"cards_obtained":["Impervious","Uppercut"]},{"damage_healed":0.0,"max_hp_gain":0.0,"max_hp_loss":21.0,"gold_gain":0.0,"event_name":"Vampires","player_choice":"Became a vampire","floor":21.0,"gold_loss":0.0,"damage_taken":0.0,"cards_obtained":["Bite","Bite","Bite","Bite","Bite"]},{"damage_healed":0,"gold_gain":0,"player_choice":"Leave","damage_taken":0,"max_hp_gain":0,"max_hp_loss":0,"event_name":"FaceTrader","floor":22,"gold_loss":0}],"is_beta":false,"boss_relics":[{"not_picked":["Mark of Pain","Black Blood"],"picked":"Pandora\u0027s Box"}],"items_purged_floors":[3,13,25],"is_endless":false,"potions_floor_spawned":[2,4,6,12,24,27,31],"killed_by":"Automaton","ascension_level":20}