{"gold_per_floor":[366,376,376,376,388,423,433,449,472,472,225,225,256,275,275,349,349,360,18,35,68,88,88,121,121,121,121,141,156,189,208,208,208],"floor_reached":33,"playtime":1491,"items_purged":["Strike_R","Strike_R"],"score":648,"play_id":"126abf60-4602-4498-a57c-bae29d8c8a8a","local_time":"20240910164027","is_ascension_mode":true,"campfire_choices":[{"floor":10.0,"key":"REST"},{"data":"Inflame","floor":15.0,"key":"SMITH"},{"floor":23.0,"key":"REST"},{"data":"Dark Embrace","floor":25.0,"key":"SMITH"},{"floor":27.0,"key":"REST"},{"data":"Offering","floor":32.0,"key":"SMITH"}],"neow_cost":"CURSE","seed_source_timestamp":938624251400,"circlet_count":0,"master_deck":["AscendersBane","Defend_R","Defend_R","Defend_R","Bash","Anger","Reckless Charge","Pummel","Inflame+1","Sword Boomerang","Armaments","Power Through","Reaper","Headbutt+1","Twin Strike+1","Power Through+1","Warcry+1","Fire Breathing","Feel No Pain","Entrench+1","Dark Embrace+1","Body Slam+1","Offering+1","Seeing Red"],"special_seed":0,"relics":["Burning Blood","PreservedInsect","Vajra","Toolbox","Regal Pillow","Astrolabe","Orrery","Red Mask","Omamori","Question Card","Orichalcum"],"potions_floor_usage":[33,33],"damage_taken":[{"damage":15.0,"enemies":"2 Louse","floor":1.0,"turns":4.0},{"damage":11.0,"enemies":"Jaw Worm","floor":2.0,"turns":4.0},{"damage":4.0,"enemies":"Small Slimes","floor":5.0,"turns":3.0},{"damage":59.0,"enemies":"Lagavulin","floor":6.0,"turns":7.0},{"damage":12.0,"enemies":"Looter","floor":7.0,"turns":3.0},{"damage":11.0,"enemies":"2 Fungi Beasts","floor":8.0,"turns":4.0},{"damage":0.0,"enemies":"Gremlin Nob","floor":13.0,"turns":2.0},{"damage":9.0,"enemies":"Red Slaver","floor":14.0,"turns":3.0},{"damage":38.0,"enemies":"Slime Boss","floor":16.0,"turns":10.0},{"damage":9.0,"enemies":"Shell Parasite","floor":18.0,"turns":4.0},{"damage":4.0,"enemies":"Chosen","floor":20.0,"turns":5.0},{"damage":18.0,"enemies":"Masked Bandits","floor":21.0,"turns":5.0},{"damage":34.0,"enemies":"Sentry and Sphere","floor":22.0,"turns":7.0},{"damage":32.0,"enemies":"Gremlin Leader","floor":24.0,"turns":6.0},{"damage":4.0,"enemies":"Centurion and Healer","floor":28.0,"turns":5.0},{"damage":12.0,"enemies":"Cultist and Chosen","floor":29.0,"turns":5.0},{"damage":27.0,"enemies":"Slavers","floor":30.0,"turns":6.0},{"damage":22.0,"enemies":"3 Cultists","floor":31.0,"turns":6.0},{"damage":79,"enemies":"Automaton","floor":33,"turns":10}],"seed_played":"7772187210113145574","potions_obtained":[{"floor":2.0,"key":"BloodPotion"},{"floor":6.0,"key":"ColorlessPotion"},{"floor":8.0,"key":"SneckoOil"},{"floor":14.0,"key":"SkillPotion"},{"floor":16.0,"key":"Fire Potion"},{"floor":18.0,"key":"FearPotion"},{"floor":28.0,"key":"PowerPotion"},{"floor":30.0,"key":"BloodPotion"},{"floor":31.0,"key":"GamblersBrew"}],"is_trial":false,"path_per_floor":["M","M","?","?","M","E","M","M","T","R","$","?","E","M","R","B",null,"M","$","M","?","M","R","E","R","T","R","M","M","E","M","R","B"],"character_chosen":"IRONCLAD","basemod:card_modifiers":[null,null,null,null,null,null,null,null,null,null,null,null,null,null,null,null,null,null,null,null,null,null,null,null],"items_purchased":["Toolbox","Orrery","Feel No Pain"],"campfire_rested":3,"item_purchase_floors":[11,19,19],"current_hp_per_floor":[59,54,75,75,75,22,16,26,26,48,48,41,47,44,44,12,59,56,56,58,54,30,67,49,49,49,75,75,69,48,47,47,0],"gold":208,"neow_bonus":"TWO_FIFTY_GOLD","is_prod":false,"is_daily":false,"chose_seed":false,"campfire_upgraded":3,"win_rate":0,"timestamp":1725954027,"path_taken":["M","M","?","?","M","E","M","M","T","R","$","?","E","M","R","BOSS","M","$","M","?","M","R","E","R","T","R","M","M","E","M","R","BOSS"],"build_version":"2022-12-18","purchased_purges":2,"victory":false,"max_hp_per_floor":[75,75,75,75,75,75,75,75,75,75,75,75,75,75,75,75,75,75,75,75,75,75,75,75,75,75,75,75,75,75,75,75,75],"relic_stats":{"Regal Pillow":19,"counters":[19,99],"Astrolabe":["Headbutt","Twin Strike","Power Through"],"PreservedInsect":110,"Omamori":0,"Orichalcum":[24],"Question Card":4,"obtain_stats":[{"Regal Pillow":13,"Astrolabe":17,"Vajra":9,"Toolbox":11,"Orrery":19,"PreservedInsect":6,"Red Mask":21,"Omamori":24,"Orichalcum":30,"Question Card":26,"Burning Blood":0},{"Regal Pillow":7,"Astrolabe":9,"Vajra":6,"Toolbox":6,"Orrery":10,"PreservedInsect":4,"Red Mask":12,"Omamori":14,"Orichalcum":17,"Question Card":14,"Burning Blood":0},{"Regal Pillow":27,"Astrolabe":40,"Vajra":25,"Toolbox":25,"Orrery":44,"PreservedInsect":18,"Red Mask":54,"Omamori":67,"Orichalcum":83,"Question Card":67,"Burning Blood":0}],"Burning Blood":100},"card_choices":[{"not_picked":["Dark Embrace","Shrug It Off"],"picked":"Anger","floor":1.0},{"not_picked":["Evolve","True Grit"],"picked":"Reckless Charge","floor":2.0},{"not_picked":["Iron Wave","Havoc"],"picked":"Pummel","floor":5.0},{"not_picked":["Ghostly Armor","Rupture"],"picked":"Inflame","floor":6.0},{"not_picked":["Intimidate","Perfected Strike","Searing Blow"],"picked":"SKIP","floor":7.0},{"not_picked":["Pummel","Rage"],"picked":"Sword Boomerang","floor":8.0},{"not_picked":["Seeing Red","Rupture"],"picked":"Armaments","floor":13.0},{"not_picked":["Carnage","Headbutt"],"picked":"Power Through","floor":14.0},{"not_picked":["Immolate","Bludgeon"],"picked":"Reaper","floor":16.0},{"not_picked":["Ghostly Armor","Perfected Strike","True Grit"],"picked":"SKIP","floor":18.0},{"not_picked":["Brutality","Flex"],"picked":"Warcry+1","floor":19.0},{"not_picked":["Pommel Strike","Blood for Blood"],"picked":"Fire Breathing","floor":19.0},{"not_picked":["Twin Strike","Flame Barrier"],"picked":"Entrench+1","floor":20.0},{"not_picked":["Rupture","Rampage"],"picked":"Dark Embrace","floor":22.0},{"not_picked":["Rage","Infernal Blade+1","Shrug It Off"],"picked":"SKIP","floor":24.0},{"not_picked":["Seeing Red","Wild Strike","Clash"],"picked":"Body Slam+1","floor":28.0},{"not_picked":["Sentinel","Warcry","Sever Soul+1","Ghostly Armor"],"picked":"SKIP","floor":29.0},{"not_picked":["Heavy Blade","Flex","Shockwave"],"picked":"Offering","floor":30.0},{"not_picked":["Clothesline+1","Disarm","Infernal Blade+1"],"picked":"Seeing Red","floor":31.0}],"player_experience":842426,"relics_obtained":[{"floor":6.0,"key":"PreservedInsect"},{"floor":9.0,"key":"Vajra"},{"floor":13.0,"key":"Regal Pillow"},{"floor":21.0,"key":"Red Mask"},{"floor":24.0,"key":"Omamori"},{"floor":26.0,"key":"Question Card"},{"floor":30.0,"key":"Orichalcum"}],"event_choices":[{"damage_healed":25.0,"max_hp_gain":0.0,"max_hp_loss":0.0,"gold_gain":0.0,"event_name":"Big Fish","player_choice":"Banana","floor":3.0,"gold_loss":0.0,"damage_taken":0.0},{"cards_removed":["Decay"],"damage_healed":0.0,"max_hp_gain":0.0,"max_hp_loss":0.0,"gold_gain":0.0,"event_name":"Living Wall","player_choice":"Forget","floor":4.0,"gold_loss":0.0,"damage_taken":0.0},{"cards_removed":["Strike_R"],"damage_healed":0.0,"max_hp_gain":0.0,"max_hp_loss":0.0,"gold_gain":0.0,"event_name":"Golden Wing","player_choice":"Card Removal","floor":12.0,"gold_loss":0.0,"damage_taken":7.0},{"damage_healed":0.0,"max_hp_gain":0.0,"max_hp_loss":0.0,"gold_gain":0.0,"event_name":"Masked Bandits","player_choice":"Fought Bandits","floor":21.0,"gold_loss":0.0,"damage_taken":0.0}],"is_beta":false,"boss_relics":[{"not_picked":["Velvet Choker","Black Blood"],"picked":"Astrolabe"}],"items_purged_floors":[11,19],"is_endless":false,"potions_floor_spawned":[2,6,8,14,16,18,28,30,31],"killed_by":"Automaton","ascension_level":20}