{"gold_per_floor":[114,114,114,130,55,89,89,89],"floor_reached":8,"playtime":93,"items_purged":["Strike_R"],"score":158,"play_id":"81a3fe42-7fc1-4a50-8e42-c34b9a4a73ae","local_time":"20240910164704","is_ascension_mode":true,"campfire_choices":[],"neow_cost":"NONE","seed_source_timestamp":2785112850300,"circlet_count":0,"master_deck":["AscendersBane","Strike_R","Strike_R","Strike_R","Defend_R","Defend_R","Defend_R","Defend_R","Bash","Cleave","Sword Boomerang","Corruption"],"special_seed":0,"relics":["Burning Blood","NeowsBlessing","Golden Idol","Bag of Preparation","Eternal Feather"],"potions_floor_usage":[8],"damage_taken":[{"damage":0.0,"enemies":"Small Slimes","floor":1.0,"turns":1.0},{"damage":0.0,"enemies":"Jaw Worm","floor":4.0,"turns":1.0},{"damage":0.0,"enemies":"Gremlin Nob","floor":6.0,"turns":1.0},{"damage":50,"enemies":"3 Sentries","floor":8,"turns":8}],"seed_played":"1576486425981405240","potions_obtained":[{"floor":1.0,"key":"AttackPotion"}],"is_trial":false,"path_per_floor":["M","?","?","M","$","E","T","E"],"character_chosen":"IRONCLAD","basemod:card_modifiers":[null,null,null,null,null,null,null,null,null,null,null,null],"items_purchased":[],"campfire_rested":0,"item_purchase_floors":[],"current_hp_per_floor":[74,48,48,54,54,60,60,10],"gold":89,"neow_bonus":"THREE_ENEMY_KILL","is_prod":false,"is_daily":false,"chose_seed":false,"campfire_upgraded":0,"win_rate":0,"timestamp":1725954424,"path_taken":["M","?","?","M","$","E","?","E"],"build_version":"2022-12-18","purchased_purges":1,"victory":false,"max_hp_per_floor":[75,75,75,75,75,75,75,75],"relic_stats":{"counters":[4,11],"Golden Idol":10,"Eternal Feather":0,"Bag of Preparation":[2],"obtain_stats":[{"NeowsBlessing":0,"Golden Idol":2,"Eternal Feather":7,"Bag of Preparation":6,"Burning Blood":0},{"NeowsBlessing":0,"Golden Idol":1,"Eternal Feather":3,"Bag of Preparation":3,"Burning Blood":0},{"NeowsBlessing":0,"Golden Idol":1,"Eternal Feather":3,"Bag of Preparation":3,"Burning Blood":0}],"Burning Blood":18},"card_choices":[{"not_picked":["Sentinel","Headbutt"],"picked":"Cleave","floor":1.0},{"not_picked":["Headbutt","Twin Strike"],"picked":"Sword Boomerang","floor":4.0},{"not_picked":["Brutality","Whirlwind"],"picked":"Corruption","floor":6.0}],"player_experience":844142,"relics_obtained":[{"floor":6.0,"key":"Bag of Preparation"},{"floor":7.0,"key":"Eternal Feather"}],"event_choices":[{"damage_healed":0.0,"max_hp_gain":0.0,"max_hp_loss":0.0,"gold_gain":0.0,"event_name":"Golden Idol","player_choice":"Take Damage","floor":2.0,"gold_loss":0.0,"damage_taken":26.0,"relics_obtained":["Golden Idol"]},{"cards_removed":["Strike_R"],"damage_healed":0.0,"max_hp_gain":0.0,"max_hp_loss":0.0,"gold_gain":0.0,"event_name":"Living Wall","player_choice":"Forget","floor":3.0,"gold_loss":0.0,"damage_taken":0.0}],"is_beta":false,"boss_relics":[],"items_purged_floors":[5],"is_endless":false,"potions_floor_spawned":[1],"killed_by":"3 Sentries","ascension_level":20}