{"gold_per_floor":[367,386,401,287,301,327,327,327],"floor_reached":8,"playtime":189,"items_purged":["Strike_R"],"score":116,"play_id":"028b314d-90d9-46d1-9ab2-31e3b62565ce","local_time":"20240910171011","is_ascension_mode":true,"campfire_choices":[{"floor":7,"key":"REST"}],"neow_cost":"PERCENT_DAMAGE","seed_source_timestamp":4099763158500,"circlet_count":0,"master_deck":["AscendersBane","Strike_R","Strike_R","Strike_R","Strike_R","Defend_R","Defend_R","Defend_R","Defend_R","Bash","Twin Strike","Disarm","Shrug It Off","Inflame","Wild Strike","Pommel Strike"],"special_seed":0,"relics":["Burning Blood","Pen Nib"],"potions_floor_usage":[6],"damage_taken":[{"damage":2,"enemies":"Cultist","floor":1,"turns":4},{"damage":4,"enemies":"Jaw Worm","floor":2,"turns":5},{"damage":12,"enemies":"Small Slimes","floor":3,"turns":4},{"damage":15,"enemies":"Exordium Thugs","floor":5,"turns":5},{"damage":32,"enemies":"Gremlin Nob","floor":6,"turns":4},{"damage":42,"enemies":"3 Sentries","floor":8,"turns":6}],"seed_played":"5063541511936102395","potions_obtained":[{"floor":3,"key":"AttackPotion"}],"is_trial":false,"path_per_floor":["M","M","M","$","M","E","R","E"],"character_chosen":"IRONCLAD","basemod:card_modifiers":[null,null,null,null,null,null,null,null,null,null,null,null,null,null,null,null],"items_purchased":["Inflame"],"campfire_rested":1,"item_purchase_floors":[4],"current_hp_per_floor":[54,56,50,50,41,15,37,0],"gold":327,"neow_bonus":"TWO_FIFTY_GOLD","is_prod":false,"is_daily":false,"chose_seed":false,"campfire_upgraded":0,"win_rate":0,"timestamp":1725955811,"path_taken":["M","M","M","$","M","E","R","E"],"build_version":"2022-12-18","purchased_purges":1,"victory":false,"max_hp_per_floor":[75,75,75,75,75,75,75,75],"relic_stats":{"counters":[6,28],"Pen Nib":[0],"obtain_stats":[{"Pen Nib":6,"Burning Blood":0},{"Pen Nib":5,"Burning Blood":0},{"Pen Nib":22,"Burning Blood":0}],"Burning Blood":30},"card_choices":[{"not_picked":["Headbutt","Rampage"],"picked":"Twin Strike","floor":1},{"not_picked":["Second Wind","Armaments"],"picked":"Disarm","floor":2},{"not_picked":["Evolve","Warcry"],"picked":"Shrug It Off","floor":3},{"not_picked":["Dark Embrace","True Grit"],"picked":"Wild Strike","floor":5},{"not_picked":["Iron Wave","Wild Strike"],"picked":"Pommel Strike","floor":6}],"player_experience":845354,"relics_obtained":[{"floor":6,"key":"Pen Nib"}],"event_choices":[],"is_beta":false,"boss_relics":[],"items_purged_floors":[4],"is_endless":false,"potions_floor_spawned":[3],"killed_by":"3 Sentries","ascension_level":20}