{"gold_per_floor":[113,113,113,129,148,148,164,164,211,236,236,236],"floor_reached":12,"playtime":281,"items_purged":[],"score":156,"play_id":"8d7d439f-5a2a-4922-b472-d1a83366c286","local_time":"20240910105944","is_ascension_mode":true,"campfire_choices":[{"data":"Dualcast","floor":6,"key":"SMITH"},{"floor":8,"key":"REST"},{"floor":11,"key":"REST"}],"neow_cost":"TEN_PERCENT_HP_LOSS","seed_source_timestamp":789689413100,"circlet_count":0,"master_deck":["AscendersBane","Strike_B","Strike_B","Strike_B","Strike_B","Defend_B","Defend_B","Defend_B","Zap","Dualcast+1","Barrage","Turbo","Skim","Doom and Gloom","Rip and Tear","Biased Cognition"],"relics":["Cracked Core","StoneCalendar","Smiling Mask"],"potions_floor_usage":[10],"damage_taken":[{"damage":9,"enemies":"2 Louse","floor":1,"turns":2},{"damage":7,"enemies":"Small Slimes","floor":4,"turns":3},{"damage":1,"enemies":"Cultist","floor":5,"turns":3},{"damage":20,"enemies":"Large Slime","floor":7,"turns":4},{"damage":30,"enemies":"3 Sentries","floor":10,"turns":6},{"damage":36,"enemies":"Gremlin Nob","floor":12,"turns":3}],"seed_played":"1520212205380641461","potions_obtained":[{"floor":4,"key":"SpeedPotion"},{"floor":7,"key":"SkillPotion"}],"is_trial":false,"path_per_floor":["M","?","?","M","M","R","M","R","T","E","R","E"],"character_chosen":"DEFECT","basemod:card_modifiers":[null,null,null,null,null,null,null,null,null,null,null,null,null,null,null,null],"items_purchased":[],"campfire_rested":2,"item_purchase_floors":[],"current_hp_per_floor":[55,55,55,48,47,47,27,46,46,16,35,0],"gold":236,"neow_bonus":"ONE_RARE_RELIC","is_prod":false,"is_daily":false,"chose_seed":false,"campfire_upgraded":1,"win_rate":0,"timestamp":1725933584,"path_taken":["M","?","?","M","M","R","M","R","T","E","R","E"],"build_version":"2022-12-18","purchased_purges":0,"victory":false,"max_hp_per_floor":[64,64,64,64,64,64,64,64,64,64,64,64],"relic_stats":{"counters":[6,21],"StoneCalendar":[0],"Smiling Mask":0,"obtain_stats":[{"StoneCalendar":0,"Cracked Core":0,"Smiling Mask":10},{"StoneCalendar":0,"Cracked Core":0,"Smiling Mask":5},{"StoneCalendar":0,"Cracked Core":0,"Smiling Mask":18}]},"card_choices":[{"not_picked":["Gash","Steam"],"picked":"Barrage","floor":1},{"not_picked":["Streamline","Hologram"],"picked":"Skim","floor":4},{"not_picked":["Leap","FTL"],"picked":"Doom and Gloom","floor":5},{"not_picked":["Turbo","Gash"],"picked":"Rip and Tear","floor":7},{"not_picked":["Sunder","Lockon"],"picked":"Biased Cognition","floor":10}],"player_experience":839408,"relics_obtained":[{"floor":10,"key":"Smiling Mask"}],"event_choices":[{"damage_healed":0,"gold_gain":0,"player_choice":"Ignored","damage_taken":0,"max_hp_gain":0,"max_hp_loss":0,"event_name":"Liars Game","floor":2,"gold_loss":0},{"damage_healed":0,"gold_gain":0,"cards_transformed":["Defend_B"],"player_choice":"Transformed","damage_taken":0,"max_hp_gain":0,"max_hp_loss":0,"event_name":"Transmorgrifier","floor":3,"gold_loss":0,"cards_obtained":["Turbo"]}],"is_beta":false,"boss_relics":[],"items_purged_floors":[],"is_endless":false,"potions_floor_spawned":[4,7],"killed_by":"Gremlin Nob","ascension_level":20}