{"gold_per_floor":[119,136,55,66,216,243,271,271,271,271,285,303,317,347,347,424,424,440,455,471,154,167,167,92,92],"floor_reached":25,"playtime":696,"items_purged":["Flex"],"score":430,"play_id":"4ca7ee37-a4c1-454d-95ac-8f685e5be3c2","local_time":"20240910170637","is_ascension_mode":true,"campfire_choices":[{"floor":8.0,"key":"REST"},{"data":"Doubt","floor":15.0,"key":"PURGE"},{"floor":23,"key":"REST"}],"neow_cost":"NONE","seed_source_timestamp":3380271068600,"circlet_count":0,"master_deck":["AscendersBane","Bash","Sword Boomerang","Second Wind","Sentinel","Blood for Blood","Battle Trance","Pommel Strike","Burning Pact","Feed","Burning Pact","Warcry","Shrug It Off","Shockwave","Dark Embrace+1","Ghostly Armor","Battle Trance","Fiend Fire","Entrench+1","Evolve+1","Warcry+1","Inflame+1","Reaper"],"special_seed":0,"relics":["Burning Blood","NeowsBlessing","Du-Vu Doll","Odd Mushroom","Lizard Tail","Peace Pipe","Frozen Egg 2","Pandora\u0027s Box","Orrery"],"potions_floor_usage":[18,25,25],"damage_taken":[{"damage":0.0,"enemies":"Cultist","floor":1.0,"turns":2.0},{"damage":0.0,"enemies":"2 Louse","floor":2.0,"turns":1.0},{"damage":0.0,"enemies":"Jaw Worm","floor":4.0,"turns":1.0},{"damage":45.0,"enemies":"Lagavulin","floor":6.0,"turns":7.0},{"damage":31.0,"enemies":"The Mushroom Lair","floor":7.0,"turns":5.0},{"damage":17.0,"enemies":"Exordium Thugs","floor":11.0,"turns":3.0},{"damage":7.0,"enemies":"Gremlin Gang","floor":12.0,"turns":4.0},{"damage":0.0,"enemies":"2 Fungi Beasts","floor":13.0,"turns":4.0},{"damage":11.0,"enemies":"Gremlin Nob","floor":14.0,"turns":3.0},{"damage":74.0,"enemies":"Slime Boss","floor":16.0,"turns":11.0},{"damage":22,"enemies":"3 Byrds","floor":18,"turns":3},{"damage":17,"enemies":"Shell Parasite","floor":19,"turns":4},{"damage":28,"enemies":"Shelled Parasite and Fungi","floor":20,"turns":7},{"damage":7,"enemies":"Snecko","floor":22,"turns":3},{"damage":48,"enemies":"Slavers","floor":25,"turns":3}],"seed_played":"1125641055534098999","potions_obtained":[{"floor":2.0,"key":"AttackPotion"},{"floor":4.0,"key":"BloodPotion"},{"floor":11.0,"key":"ColorlessPotion"},{"floor":13.0,"key":"LiquidBronze"},{"floor":14.0,"key":"SneckoOil"},{"floor":22,"key":"Block Potion"}],"is_trial":false,"path_per_floor":["M","M","$","M","?","E","?","R","T","T","M","M","M","E","R","B",null,"M","M","M","$","M","R","?","E"],"character_chosen":"IRONCLAD","basemod:card_modifiers":[null,null,null,null,null,null,null,null,null,null,null,null,null,null,null,null,null,null,null,null,null,null,null],"items_purchased":["Second Wind","Orrery","LiquidMemories"],"campfire_rested":2,"item_purchase_floors":[3,21,21],"current_hp_per_floor":[74,75,75,75,75,36,26,48,48,48,37,36,42,37,37,22,62,49,38,19,19,18,42,42,0],"gold":92,"neow_bonus":"THREE_ENEMY_KILL","is_prod":false,"is_daily":false,"chose_seed":false,"campfire_upgraded":0,"win_rate":0,"timestamp":1725955597,"path_taken":["M","?","$","M","?","E","?","R","T","?","M","M","?","E","R","BOSS","M","?","M","$","M","R","?","E"],"build_version":"2022-12-18","purchased_purges":1,"victory":false,"max_hp_per_floor":[75,75,75,75,75,75,75,75,75,75,75,75,75,75,75,75,75,78,78,81,81,81,81,81,81],"relic_stats":{"Peace Pipe":1,"Lizard Tail":37,"counters":[15,61],"Pandora\u0027s Box":["Burning Pact","Bludgeon","Warcry","Shrug It Off","Shockwave","Dark Embrace","Ghostly Armor","Battle Trance","Fiend Fire"],"obtain_stats":[{"Du-Vu Doll":6,"Peace Pipe":10,"Lizard Tail":9,"NeowsBlessing":0,"Orrery":21,"Pandora\u0027s Box":17,"Odd Mushroom":7,"Frozen Egg 2":14,"Burning Blood":0},{"Du-Vu Doll":4,"Peace Pipe":5,"Lizard Tail":5,"NeowsBlessing":0,"Orrery":13,"Pandora\u0027s Box":10,"Odd Mushroom":5,"Frozen Egg 2":9,"Burning Blood":0},{"Du-Vu Doll":11,"Peace Pipe":16,"Lizard Tail":16,"NeowsBlessing":0,"Orrery":55,"Pandora\u0027s Box":41,"Odd Mushroom":16,"Frozen Egg 2":30,"Burning Blood":0}],"Burning Blood":73},"card_choices":[{"not_picked":["Headbutt","Twin Strike"],"picked":"Sword Boomerang","floor":1.0},{"not_picked":["Sword Boomerang","Havoc"],"picked":"Flex","floor":2.0},{"not_picked":["Body Slam","Perfected Strike"],"picked":"Sentinel","floor":4.0},{"not_picked":["Havoc","Armaments"],"picked":"Blood for Blood","floor":6.0},{"not_picked":["Double Tap","Rage"],"picked":"Battle Trance","floor":7.0},{"not_picked":["Anger","Twin Strike","Sword Boomerang"],"picked":"SKIP","floor":11.0},{"not_picked":["Headbutt","Clash"],"picked":"Pommel Strike","floor":12.0},{"not_picked":["Searing Blow","Havoc","Ghostly Armor"],"picked":"SKIP","floor":13.0},{"not_picked":["Infernal Blade","Perfected Strike"],"picked":"Burning Pact","floor":14.0},{"not_picked":["Exhume","Juggernaut+1"],"picked":"Feed","floor":16.0},{"not_picked":["Sever Soul","Anger"],"picked":"Entrench+1","floor":18},{"not_picked":["Thunderclap+1","Blood for Blood","Anger"],"picked":"SKIP","floor":19},{"not_picked":["Havoc","Clothesline","Hemokinesis"],"picked":"SKIP","floor":20},{"not_picked":["Havoc","Cleave"],"picked":"Evolve+1","floor":21},{"not_picked":["Rampage+1","Wild Strike"],"picked":"Warcry+1","floor":21},{"not_picked":["Dark Embrace+1","Rampage"],"picked":"Inflame+1","floor":21},{"not_picked":["Reckless Charge","Metallicize+1"],"picked":"Reaper","floor":22}],"player_experience":844658,"relics_obtained":[{"floor":6.0,"key":"Du-Vu Doll"},{"floor":7.0,"key":"Odd Mushroom"},{"floor":9.0,"key":"Lizard Tail"},{"floor":10.0,"key":"Peace Pipe"},{"floor":14.0,"key":"Frozen Egg 2"}],"event_choices":[{"damage_healed":0.0,"max_hp_gain":0.0,"max_hp_loss":0.0,"gold_gain":150.0,"event_name":"Liars Game","player_choice":"AGREE","floor":5.0,"gold_loss":0.0,"damage_taken":0.0,"cards_obtained":["Doubt"]},{"damage_healed":0.0,"max_hp_gain":0.0,"max_hp_loss":0.0,"gold_gain":0.0,"event_name":"Mushrooms","player_choice":"Fought Mushrooms","floor":7.0,"gold_loss":0.0,"damage_taken":0.0},{"cards_removed":["Bludgeon"],"damage_healed":0,"gold_gain":0,"player_choice":"Gave Gold","damage_taken":0,"max_hp_gain":0,"max_hp_loss":0,"event_name":"Beggar","floor":24,"gold_loss":75}],"is_beta":false,"boss_relics":[{"not_picked":["Tiny House","SacredBark"],"picked":"Pandora\u0027s Box"}],"items_purged_floors":[21],"is_endless":false,"potions_floor_spawned":[2,4,11,13,14,22],"killed_by":"Slavers","ascension_level":20}