{"gold_per_floor":[115,40,40,60,60,93,113,113,113,113,142,155,166,201,201,278,278,297,307,322,334,334,334,368,380,450,450,777,777,794,354,354,428,428,440,54,72,72,89,89,89],"floor_reached":41,"playtime":1501,"items_purged":["Defend_B","Defend_B","Writhe"],"score":931,"play_id":"88a1fc49-00df-42da-903f-614355ec7b8c","local_time":"20240909224354","is_ascension_mode":true,"campfire_choices":[{"data":"Biased Cognition","floor":8.0,"key":"SMITH"},{"floor":10.0,"key":"REST"},{"floor":15.0,"key":"REST"},{"data":"Aggregate","floor":23.0,"key":"SMITH"},{"data":"Skim","floor":27.0,"key":"SMITH"},{"data":"Turbo","floor":29.0,"key":"SMITH"},{"data":"Fission","floor":32.0,"key":"SMITH"},{"floor":40,"key":"REST"}],"neow_cost":"TEN_PERCENT_HP_LOSS","seed_source_timestamp":3375101739900,"circlet_count":0,"master_deck":["AscendersBane","Strike_B","Strike_B","Strike_B","Defend_B","Zap","Dualcast","Sunder","BootSequence","Rebound","Sweeping Beam","Turbo+1","Biased Cognition+1","Barrage","Undo","Skim+1","Beam Cell","Conserve Battery+1","Reinforced Body","Aggregate+1","Compile Driver+1","Hologram+1","Chill","Reboot","Darkness","Cold Snap","Stack","Loop","Fission+1","Core Surge","Steam","Steam","Capacitor","FTL","Glacier+1","Self Repair"],"special_seed":0,"relics":["Cracked Core","Prayer Wheel","Du-Vu Doll","Bronze Scales","Meat on the Bone","Cursed Key","Boot","Cables","Old Coin","Lee\u0027s Waffle","Runic Pyramid","Medical Kit"],"potions_floor_usage":[],"damage_taken":[{"damage":1.0,"enemies":"Cultist","floor":1.0,"turns":3.0},{"damage":0.0,"enemies":"2 Louse","floor":4.0,"turns":2.0},{"damage":25.0,"enemies":"3 Sentries","floor":6.0,"turns":6.0},{"damage":0.0,"enemies":"Jaw Worm","floor":7.0,"turns":2.0},{"damage":11.0,"enemies":"Gremlin Nob","floor":11.0,"turns":3.0},{"damage":0.0,"enemies":"2 Fungi Beasts","floor":12.0,"turns":2.0},{"damage":0.0,"enemies":"Red Slaver","floor":13.0,"turns":3.0},{"damage":27.0,"enemies":"Lagavulin","floor":14.0,"turns":5.0},{"damage":25.0,"enemies":"Slime Boss","floor":16.0,"turns":5.0},{"damage":34.0,"enemies":"Spheric Guardian","floor":18.0,"turns":6.0},{"damage":7.0,"enemies":"Chosen","floor":19.0,"turns":5.0},{"damage":11.0,"enemies":"3 Cultists","floor":20.0,"turns":4.0},{"damage":0.0,"enemies":"Snecko","floor":21.0,"turns":6.0},{"damage":3.0,"enemies":"Slavers","floor":24.0,"turns":4.0},{"damage":15.0,"enemies":"Snake Plant","floor":25.0,"turns":3.0},{"damage":17.0,"enemies":"Gremlin Leader","floor":28.0,"turns":6.0},{"damage":2.0,"enemies":"Centurion and Healer","floor":30.0,"turns":5.0},{"damage":51.0,"enemies":"Collector","floor":33.0,"turns":13.0},{"damage":33.0,"enemies":"3 Darklings","floor":35.0,"turns":4.0},{"damage":6.0,"enemies":"Orb Walker","floor":37.0,"turns":4.0},{"damage":19.0,"enemies":"Transient","floor":39.0,"turns":6.0},{"damage":42,"enemies":"Giant Head","floor":41,"turns":6}],"seed_played":"7745810404286516206","potions_obtained":[{"floor":4.0,"key":"BlessingOfTheForge"},{"floor":7.0,"key":"LiquidBronze"},{"floor":14.0,"key":"SmokeBomb"},{"floor":16.0,"key":"Swift Potion"},{"floor":21.0,"key":"Swift Potion"},{"floor":25.0,"key":"PotionOfCapacity"},{"floor":33.0,"key":"SkillPotion"},{"floor":35.0,"key":"Ancient Potion"},{"floor":39,"key":"Regen Potion"}],"is_trial":false,"path_per_floor":["M","$","?","M","$","E","M","R","T","R","E","M","M","E","R","B",null,"M","M","M","M","?","R","E","M","T","R","E","R","M","$","R","B",null,"M","$","M","?","M","R","E"],"character_chosen":"DEFECT","basemod:card_modifiers":[null,null,null,null,null,null,null,null,null,null,null,null,null,null,null,null,null,null,null,null,null,null,null,null,null,null,null,null,null,null,null,null,null,null,null,null],"items_purchased":["Lee\u0027s Waffle","Fission","Capacitor","Medical Kit"],"campfire_rested":3,"item_purchase_floors":[31,31,36,36],"current_hp_per_floor":[63,63,63,63,63,38,38,38,38,57,46,46,46,19,38,25,54,32,37,38,38,38,38,35,32,32,32,27,27,37,71,71,32,61,40,40,46,46,39,60,18],"gold":89,"neow_bonus":"TRANSFORM_TWO_CARDS","is_prod":false,"is_daily":false,"chose_seed":false,"campfire_upgraded":5,"win_rate":0,"timestamp":1725889434,"path_taken":["M","?","?","M","$","E","M","R","T","R","E","M","?","E","R","BOSS","M","?","M","M","?","R","E","M","T","R","E","R","M","$","R","BOSS","M","$","M","?","M","R","E"],"build_version":"2022-12-18","purchased_purges":3,"victory":false,"max_hp_per_floor":[64,64,64,64,64,64,64,64,64,64,64,64,64,64,64,64,64,64,64,64,64,64,64,64,64,64,64,64,64,64,71,71,71,71,71,71,71,71,71,71,71],"relic_stats":{"Lee\u0027s Waffle":34,"counters":[22,103],"Bronze Scales":[216],"Prayer Wheel":13,"Cursed Key":1,"Boot":[14],"Medical Kit":[3],"obtain_stats":[{"Du-Vu Doll":9,"Lee\u0027s Waffle":31,"Bronze Scales":11,"Prayer Wheel":6,"Cracked Core":0,"Cursed Key":17,"Boot":24,"Medical Kit":36,"Meat on the Bone":14,"Cables":26,"Old Coin":28,"Runic Pyramid":34},{"Du-Vu Doll":4,"Lee\u0027s Waffle":17,"Bronze Scales":5,"Prayer Wheel":3,"Cracked Core":0,"Cursed Key":9,"Boot":14,"Medical Kit":19,"Meat on the Bone":8,"Cables":15,"Old Coin":16,"Runic Pyramid":18},{"Du-Vu Doll":13,"Lee\u0027s Waffle":70,"Bronze Scales":16,"Prayer Wheel":11,"Cracked Core":0,"Cursed Key":31,"Boot":56,"Medical Kit":87,"Meat on the Bone":26,"Cables":59,"Old Coin":65,"Runic Pyramid":83}],"Meat on the Bone":132,"Cables":[32,14,12,6,0]},"card_choices":[{"not_picked":["Melter","Steam"],"picked":"Rebound","floor":1.0},{"not_picked":["Leap","Compile Driver"],"picked":"Sweeping Beam","floor":4.0},{"not_picked":["Redo","Conserve Battery"],"picked":"Turbo","floor":6.0},{"not_picked":["Chaos","Gash"],"picked":"Biased Cognition","floor":7.0},{"not_picked":["BootSequence","Turbo"],"picked":"Barrage","floor":7.0},{"not_picked":["Cold Snap","Rebound"],"picked":"Undo","floor":11.0},{"not_picked":["Cold Snap","Doom and Gloom"],"picked":"Skim","floor":12.0},{"not_picked":["Sweeping Beam","Streamline","Blizzard"],"picked":"SKIP","floor":12.0},{"not_picked":["Turbo","Hello World"],"picked":"Beam Cell","floor":13.0},{"not_picked":["Auto Shields","Amplify","Sweeping Beam"],"picked":"SKIP","floor":13.0},{"not_picked":["Blizzard","Barrage","Hello World"],"picked":"SKIP","floor":14.0},{"not_picked":["Turbo","Steam Power"],"picked":"Conserve Battery+1","floor":18.0},{"not_picked":["Sweeping Beam","Undo"],"picked":"Reinforced Body","floor":18.0},{"not_picked":["Melter","Gash"],"picked":"Aggregate","floor":19.0},{"not_picked":["Redo+1","Go for the Eyes","Leap"],"picked":"SKIP","floor":19.0},{"not_picked":["Conserve Battery","Steam"],"picked":"Compile Driver+1","floor":20.0},{"not_picked":["Beam Cell","Barrage"],"picked":"Hologram+1","floor":20.0},{"not_picked":["Double Energy","Streamline"],"picked":"Chill","floor":21.0},{"not_picked":["Conserve Battery","Go for the Eyes","Double Energy"],"picked":"SKIP","floor":21.0},{"not_picked":["Sweeping Beam","Conserve Battery"],"picked":"Reboot","floor":24.0},{"not_picked":["Genetic Algorithm","Go for the Eyes"],"picked":"Darkness","floor":25.0},{"not_picked":["Gash","Steam Power"],"picked":"Cold Snap","floor":25.0},{"not_picked":["Sweeping Beam","Steam"],"picked":"Stack","floor":28.0},{"not_picked":["Hologram","Ball Lightning"],"picked":"Loop","floor":30.0},{"not_picked":["Consume","Ball Lightning","Reprogram"],"picked":"SKIP","floor":30.0},{"not_picked":["Fission","Machine Learning"],"picked":"Core Surge","floor":33.0},{"not_picked":["Gash","Conserve Battery"],"picked":"Steam","floor":35.0},{"not_picked":["Gash+1","Cold Snap"],"picked":"Steam","floor":35.0},{"not_picked":["Storm","Stack"],"picked":"FTL","floor":37.0},{"not_picked":["Barrage","Streamline","Chill+1"],"picked":"SKIP","floor":37.0},{"not_picked":["Ball Lightning","Streamline"],"picked":"Glacier+1","floor":39},{"not_picked":["Turbo","Glacier"],"picked":"Self Repair","floor":39}],"player_experience":835992,"relics_obtained":[{"floor":6.0,"key":"Prayer Wheel"},{"floor":9.0,"key":"Du-Vu Doll"},{"floor":11.0,"key":"Bronze Scales"},{"floor":14.0,"key":"Meat on the Bone"},{"floor":24.0,"key":"Boot"},{"floor":26.0,"key":"Cables"},{"floor":28.0,"key":"Old Coin"}],"event_choices":[{"damage_healed":0.0,"max_hp_gain":0.0,"max_hp_loss":0.0,"gold_gain":0.0,"event_name":"WeMeetAgain","player_choice":"Ignored","floor":3.0,"gold_loss":0.0,"damage_taken":0.0},{"damage_healed":0.0,"max_hp_gain":0.0,"max_hp_loss":0.0,"gold_gain":0.0,"event_name":"Vampires","player_choice":"Ignored","floor":22.0,"gold_loss":0.0,"damage_taken":0.0},{"damage_healed":0.0,"max_hp_gain":0.0,"max_hp_loss":0.0,"gold_gain":0.0,"event_name":"Match and Keep!","player_choice":"0 cards matched","floor":38.0,"gold_loss":0.0,"damage_taken":0.0,"cards_obtained":[]}],"is_beta":false,"boss_relics":[{"not_picked":["Sozu","FrozenCore"],"picked":"Cursed Key"},{"not_picked":["Runic Dome","Snecko Eye"],"picked":"Runic Pyramid"}],"items_purged_floors":[2,31,36],"is_endless":false,"potions_floor_spawned":[4,7,14,16,18,21,25,33,35,39],"killed_by":"Giant Head","ascension_level":20}