{"gold_per_floor":[117,117,131,144,163,193,204,204,204,217,246,246,263,292,292,367,367,382,382,402,617,94,94,122,122,122,122],"floor_reached":27,"playtime":743,"items_purged":["Strike_R"],"score":506,"play_id":"fb8be9c0-4b86-41ff-89a9-6e61b48f1d34","local_time":"20240903001342","is_ascension_mode":true,"campfire_choices":[{"data":"Armaments","floor":8.0,"key":"SMITH"},{"floor":12.0,"key":"DIG"},{"floor":15.0,"key":"REST"}],"neow_cost":"TEN_PERCENT_HP_LOSS","seed_source_timestamp":31428386682600,"circlet_count":0,"master_deck":["AscendersBane","Strike_R","Strike_R","Strike_R","Strike_R","Defend_R","Defend_R","Defend_R","Defend_R","Bash","Thunderclap","Pommel Strike","Sword Boomerang","Armaments+1","Offering","Power Through","Impervious","Shrug It Off","Apotheosis","Inflame","Disarm","True Grit","Injury"],"special_seed":0,"relics":["Burning Blood","Ginger","FaceOfCleric","PreservedInsect","Gambling Chip","Shovel","Turnip","Bag of Marbles","Cursed Key","Old Coin","Kunai","White Beast Statue"],"potions_floor_usage":[16,24],"damage_taken":[{"damage":9.0,"enemies":"Small Slimes","floor":1.0,"turns":4.0},{"damage":1.0,"enemies":"Cultist","floor":3.0,"turns":3.0},{"damage":6.0,"enemies":"2 Louse","floor":4.0,"turns":3.0},{"damage":14.0,"enemies":"Red Slaver","floor":5.0,"turns":3.0},{"damage":32.0,"enemies":"Gremlin Nob","floor":6.0,"turns":4.0},{"damage":3.0,"enemies":"3 Louse","floor":7.0,"turns":3.0},{"damage":6.0,"enemies":"Blue Slaver","floor":10.0,"turns":3.0},{"damage":13.0,"enemies":"3 Sentries","floor":11.0,"turns":5.0},{"damage":11.0,"enemies":"Lots of Slimes","floor":13.0,"turns":3.0},{"damage":23.0,"enemies":"Lagavulin","floor":14.0,"turns":5.0},{"damage":11,"enemies":"Slime Boss","floor":16,"turns":8},{"damage":6,"enemies":"Chosen","floor":18,"turns":3},{"damage":33,"enemies":"3 Byrds","floor":20,"turns":8},{"damage":24,"enemies":"Slavers","floor":24,"turns":7},{"damage":38,"enemies":"Sentry and Sphere","floor":27,"turns":7}],"seed_played":"-7342159978527666743","potions_obtained":[{"floor":3.0,"key":"Energy Potion"},{"floor":4.0,"key":"DistilledChaos"},{"floor":10.0,"key":"BloodPotion"},{"floor":11.0,"key":"Ancient Potion"},{"floor":14.0,"key":"PowerPotion"},{"floor":16,"key":"SneckoOil"}],"is_trial":false,"path_per_floor":["M","?","M","M","M","E","M","R","T","M","E","R","M","E","R","B",null,"M","?","M","?","$","?","E","T","T","M"],"character_chosen":"IRONCLAD","basemod:card_modifiers":[null,null,null,null,null,null,null,null,null,null,null,null,null,null,null,null,null,null,null,null,null,null,null],"items_purchased":["Apotheosis","Inflame","Disarm","True Grit","Block Potion"],"campfire_rested":1,"item_purchase_floors":[22,22,22,22,22],"current_hp_per_floor":[65,65,69,70,63,38,42,42,42,43,37,37,33,32,55,51,71,72,72,46,46,46,46,29,29,29,0],"gold":122,"neow_bonus":"ONE_RARE_RELIC","is_prod":false,"is_daily":false,"chose_seed":false,"campfire_upgraded":1,"win_rate":0,"timestamp":1725290022,"path_taken":["M","?","M","M","?","E","M","R","T","M","E","R","M","E","R","BOSS","M","?","?","?","$","?","E","?","T","M"],"build_version":"2022-12-18","purchased_purges":1,"victory":false,"max_hp_per_floor":[68,68,69,70,71,72,73,73,73,74,75,75,76,77,77,78,78,79,79,80,80,80,80,81,81,81,81],"relic_stats":{"Shovel":1,"FaceOfCleric":13,"counters":[15,69],"Gambling Chip":[26],"PreservedInsect":103,"Turnip":[8],"Ginger":[13],"Kunai":[1],"Cursed Key":1,"obtain_stats":[{"Shovel":11,"FaceOfCleric":2,"Gambling Chip":9,"PreservedInsect":6,"Turnip":12,"Bag of Marbles":14,"Ginger":0,"Kunai":24,"Cursed Key":17,"Burning Blood":0,"White Beast Statue":26,"Old Coin":21},{"Shovel":8,"FaceOfCleric":1,"Gambling Chip":6,"PreservedInsect":5,"Turnip":8,"Bag of Marbles":10,"Ginger":0,"Kunai":14,"Cursed Key":11,"Burning Blood":0,"White Beast Statue":14,"Old Coin":13},{"Shovel":28,"FaceOfCleric":4,"Gambling Chip":20,"PreservedInsect":17,"Turnip":28,"Bag of Marbles":36,"Ginger":0,"Kunai":62,"Cursed Key":44,"Burning Blood":0,"White Beast Statue":62,"Old Coin":55}],"Burning Blood":82,"White Beast Statue":[0.0,0.0,0.0,0.0,0.0,0.0,0.0,1.0,0.0,0.0,0.0,0.0]},"card_choices":[{"not_picked":["Power Through","Twin Strike"],"picked":"Thunderclap","floor":1.0},{"not_picked":["True Grit","Pummel"],"picked":"Pommel Strike","floor":3.0},{"not_picked":["Clothesline","Flex","Perfected Strike"],"picked":"SKIP","floor":4.0},{"not_picked":["Clothesline","Flex","Perfected Strike"],"picked":"SKIP","floor":4.0},{"not_picked":["Infernal Blade","Body Slam"],"picked":"Sword Boomerang","floor":5.0},{"not_picked":["Wild Strike","Infernal Blade"],"picked":"Armaments","floor":6.0},{"not_picked":["Dual Wield","Wild Strike"],"picked":"Offering","floor":7.0},{"not_picked":["Clash","Pommel Strike","Sentinel"],"picked":"SKIP","floor":10.0},{"not_picked":["Flex","Wild Strike"],"picked":"Power Through","floor":11.0},{"not_picked":["Clash","Twin Strike","Anger"],"picked":"SKIP","floor":13.0},{"not_picked":["Pommel Strike","Disarm","Wild Strike"],"picked":"SKIP","floor":14.0},{"not_picked":["Feed","Bludgeon"],"picked":"Impervious","floor":16},{"not_picked":["Perfected Strike","Power Through"],"picked":"Shrug It Off","floor":18},{"not_picked":["Dual Wield+1","Headbutt","Pommel Strike"],"picked":"SKIP","floor":20},{"not_picked":["Shrug It Off","Clothesline","True Grit"],"picked":"SKIP","floor":24}],"player_experience":833350,"relics_obtained":[{"floor":6.0,"key":"PreservedInsect"},{"floor":9.0,"key":"Gambling Chip"},{"floor":11.0,"key":"Shovel"},{"floor":12.0,"key":"Turnip"},{"floor":14.0,"key":"Bag of Marbles"},{"floor":24,"key":"Kunai"},{"floor":26,"key":"White Beast Statue"}],"event_choices":[{"damage_healed":0.0,"max_hp_gain":0.0,"max_hp_loss":0.0,"gold_gain":0.0,"event_name":"FaceTrader","player_choice":"Trade","floor":2.0,"gold_loss":0.0,"damage_taken":0.0,"relics_obtained":["FaceOfCleric"]},{"damage_healed":0,"gold_gain":0,"player_choice":"Ignored","damage_taken":0,"max_hp_gain":0,"max_hp_loss":0,"event_name":"N\u0027loth","floor":19,"gold_loss":0},{"damage_healed":0,"gold_gain":0,"player_choice":"Obtained Relic","damage_taken":0,"relics_obtained":["Old Coin"],"max_hp_gain":0,"max_hp_loss":0,"event_name":"Addict","floor":21,"gold_loss":85},{"damage_healed":0,"gold_gain":0,"player_choice":"Ignored","damage_taken":0,"max_hp_gain":0,"max_hp_loss":0,"event_name":"Ghosts","floor":23,"gold_loss":0}],"is_beta":false,"boss_relics":[{"not_picked":["SacredBark","Coffee Dripper"],"picked":"Cursed Key"}],"items_purged_floors":[22],"is_endless":false,"potions_floor_spawned":[3,4,10,11,14,16],"killed_by":"Sentry and Sphere","ascension_level":20}