{"gold_per_floor":[117,77,96,96,21,46,62,112,112,132,158,169,179,197,197,197],"floor_reached":16,"playtime":312,"items_purged":["Defend_B"],"score":278,"play_id":"9617970e-3ab4-4c83-98aa-641301f9f6fd","local_time":"20240910110516","is_ascension_mode":true,"campfire_choices":[{"data":"Static Discharge","floor":15.0,"key":"SMITH"}],"neow_cost":"NONE","seed_source_timestamp":1080449403200,"circlet_count":0,"master_deck":["AscendersBane","Strike_B","Strike_B","Strike_B","Strike_B","Defend_B","Defend_B","Defend_B","Zap","Dualcast","Lockon","Consume","Beam Cell","Melter","Static Discharge+1","Go for the Eyes","Redo","Defragment","Coolheaded"],"special_seed":0,"relics":["Cracked Core","NeowsBlessing","Nunchaku","Symbiotic Virus","Toy Ornithopter"],"potions_floor_usage":[],"damage_taken":[{"damage":0.0,"enemies":"Cultist","floor":1.0,"turns":1.0},{"damage":0.0,"enemies":"2 Louse","floor":3.0,"turns":1.0},{"damage":0.0,"enemies":"Lagavulin","floor":6.0,"turns":1.0},{"damage":0.0,"enemies":"Small Slimes","floor":7.0,"turns":2.0},{"damage":11.0,"enemies":"2 Fungi Beasts","floor":10.0,"turns":3.0},{"damage":30.0,"enemies":"3 Sentries","floor":11.0,"turns":6.0},{"damage":8.0,"enemies":"Red Slaver","floor":12.0,"turns":3.0},{"damage":8.0,"enemies":"Blue Slaver","floor":13.0,"turns":2.0},{"damage":5.0,"enemies":"Lots of Slimes","floor":14.0,"turns":4.0},{"damage":16,"enemies":"Hexaghost","floor":16,"turns":4}],"seed_played":"-7392653700612037828","potions_obtained":[{"floor":1.0,"key":"FearPotion"},{"floor":2.0,"key":"Fruit Juice"},{"floor":2.0,"key":"AttackPotion"}],"is_trial":false,"path_per_floor":["M","?","M","?","$","E","M","?","T","M","E","M","M","M","R","B"],"character_chosen":"DEFECT","basemod:card_modifiers":[null,null,null,null,null,null,null,null,null,null,null,null,null,null,null,null,null,null,null],"items_purchased":[],"campfire_rested":0,"item_purchase_floors":[],"current_hp_per_floor":[64,69,69,69,69,69,69,69,69,58,28,20,12,12,12,0],"gold":197,"neow_bonus":"THREE_ENEMY_KILL","is_prod":false,"is_daily":false,"chose_seed":false,"campfire_upgraded":1,"win_rate":0,"timestamp":1725933916,"path_taken":["M","?","?","?","$","E","M","?","T","?","E","M","M","M","R","BOSS"],"build_version":"2022-12-18","purchased_purges":1,"victory":false,"max_hp_per_floor":[71,76,76,76,76,76,76,76,76,76,76,76,76,76,76,76],"relic_stats":{"Nunchaku":[3],"counters":[10,27],"obtain_stats":[{"Nunchaku":6,"NeowsBlessing":0,"Cracked Core":0,"Symbiotic Virus":9,"Toy Ornithopter":11},{"Nunchaku":3,"NeowsBlessing":0,"Cracked Core":0,"Symbiotic Virus":4,"Toy Ornithopter":6},{"Nunchaku":3,"NeowsBlessing":0,"Cracked Core":0,"Symbiotic Virus":5,"Toy Ornithopter":14}],"Toy Ornithopter":5},"card_choices":[{"not_picked":["Scrape","Redo"],"picked":"Lockon","floor":1.0},{"not_picked":["Sweeping Beam","Streamline"],"picked":"Consume","floor":3.0},{"not_picked":["Chill","Gash"],"picked":"Beam Cell","floor":6.0},{"not_picked":["Beam Cell","Stack"],"picked":"Melter","floor":7.0},{"not_picked":["Heatsinks","Beam Cell"],"picked":"Static Discharge","floor":10.0},{"not_picked":["White Noise","Chill"],"picked":"Go for the Eyes","floor":11.0},{"not_picked":["Glacier","Go for the Eyes"],"picked":"Redo","floor":12.0},{"not_picked":["Consume","Chill"],"picked":"Defragment","floor":13.0},{"not_picked":["Stack","Streamline"],"picked":"Coolheaded","floor":14.0}],"player_experience":839689,"relics_obtained":[{"floor":6.0,"key":"Nunchaku"},{"floor":9.0,"key":"Symbiotic Virus"},{"floor":11.0,"key":"Toy Ornithopter"}],"event_choices":[{"damage_healed":0.0,"max_hp_gain":0.0,"max_hp_loss":0.0,"gold_gain":0.0,"event_name":"The Woman in Blue","player_choice":"Bought 3 Potions","floor":2.0,"gold_loss":0.0,"damage_taken":0.0},{"damage_healed":0.0,"max_hp_gain":0.0,"max_hp_loss":0.0,"gold_gain":0.0,"event_name":"Liars Game","player_choice":"Ignored","floor":4.0,"gold_loss":0.0,"damage_taken":0.0},{"damage_healed":0.0,"max_hp_gain":0.0,"max_hp_loss":0.0,"gold_gain":50.0,"event_name":"Golden Shrine","player_choice":"Pray","floor":8.0,"gold_loss":0.0,"damage_taken":0.0}],"is_beta":false,"boss_relics":[],"items_purged_floors":[5],"is_endless":false,"potions_floor_spawned":[1,3,13],"killed_by":"Hexaghost","ascension_level":20}