{"gold_per_floor":[113,113,38,53,53,96,112,112,138,151,184,202,225,244,244,342,342,361,361,377,77,93,127,143,182,209,209,209],"floor_reached":28,"playtime":805,"items_purged":["Strike_B","Defend_B"],"score":590,"play_id":"9b861bf6-22ec-491b-908e-c8d26b311d08","local_time":"20240902235845","is_ascension_mode":true,"campfire_choices":[{"floor":8.0,"key":"REST"},{"data":"Chaos","floor":15.0,"key":"SMITH"}],"neow_cost":"NONE","seed_source_timestamp":30543678687700,"circlet_count":0,"master_deck":["AscendersBane","Strike_B","Strike_B","Defend_B","Defend_B","Zap","Dualcast","Compile Driver","Genetic Algorithm","Ball Lightning","Ball Lightning","Reinforced Body","Turbo","Chaos+1","Lockon","Biased Cognition","Glacier","Loop","Recycle","Echo Form"],"special_seed":0,"relics":["Cracked Core","NeowsBlessing","Golden Idol","Strawberry","Anchor","DataDisk","Oddly Smooth Stone","Runic Pyramid","Chemical X","Ancient Tea Set","Blood Vial","Orichalcum"],"potions_floor_usage":[16,22,28,28],"damage_taken":[{"damage":0.0,"enemies":"Jaw Worm","floor":1.0,"turns":1.0},{"damage":0.0,"enemies":"2 Louse","floor":4.0,"turns":1.0},{"damage":0.0,"enemies":"Gremlin Nob","floor":6.0,"turns":1.0},{"damage":5.0,"enemies":"Cultist","floor":7.0,"turns":3.0},{"damage":12.0,"enemies":"Lots of Slimes","floor":10.0,"turns":3.0},{"damage":18.0,"enemies":"3 Sentries","floor":11.0,"turns":6.0},{"damage":3.0,"enemies":"3 Louse","floor":12.0,"turns":4.0},{"damage":0.0,"enemies":"Large Slime","floor":14.0,"turns":4.0},{"damage":14,"enemies":"Hexaghost","floor":16,"turns":7},{"damage":16,"enemies":"Shell Parasite","floor":18,"turns":4},{"damage":3,"enemies":"2 Thieves","floor":20,"turns":4},{"damage":0,"enemies":"Snake Plant","floor":22,"turns":5},{"damage":12,"enemies":"Book of Stabbing","floor":23,"turns":5},{"damage":0,"enemies":"Sentry and Sphere","floor":24,"turns":5},{"damage":29,"enemies":"Slavers","floor":25,"turns":6},{"damage":19,"enemies":"Gremlin Leader","floor":28,"turns":2}],"seed_played":"-5009731718330084179","potions_obtained":[{"floor":4.0,"key":"ColorlessPotion"},{"floor":6.0,"key":"Energy Potion"},{"floor":10.0,"key":"Block Potion"},{"floor":12.0,"key":"SpeedPotion"},{"floor":16,"key":"Regen Potion"},{"floor":20,"key":"CultistPotion"},{"floor":22,"key":"PotionOfCapacity"}],"is_trial":false,"path_per_floor":["M","?","$","M","?","E","M","R","T","M","E","M","T","M","R","B",null,"M","?","M","$","M","E","M","E","T","?","E"],"character_chosen":"DEFECT","basemod:card_modifiers":[null,null,null,null,null,null,null,null,null,null,null,null,null,null,null,null,null,null,null,null],"items_purchased":["Glacier","Chemical X"],"campfire_rested":1,"item_purchase_floors":[21,21],"current_hp_per_floor":[64,57,57,57,33,40,35,58,58,46,28,25,25,25,25,11,61,45,45,42,42,56,44,44,15,15,15,0],"gold":209,"neow_bonus":"THREE_ENEMY_KILL","is_prod":false,"is_daily":false,"chose_seed":false,"campfire_upgraded":1,"win_rate":0,"timestamp":1725289125,"path_taken":["M","?","$","M","?","E","M","R","T","M","E","M","?","M","R","BOSS","M","?","M","$","M","E","?","E","T","?","E"],"build_version":"2022-12-18","purchased_purges":2,"victory":false,"max_hp_per_floor":[71,71,71,71,71,78,78,78,78,78,78,78,78,78,78,78,78,78,78,78,78,78,78,78,78,78,78,78],"relic_stats":{"Blood Vial":2,"counters":[16,61],"Golden Idol":78,"Chemical X":[8],"Orichalcum":[0],"Ancient Tea Set":[0],"obtain_stats":[{"Blood Vial":25,"Anchor":9,"DataDisk":11,"NeowsBlessing":0,"Golden Idol":5,"Strawberry":6,"Oddly Smooth Stone":13,"Chemical X":21,"Orichalcum":26,"Cracked Core":0,"Ancient Tea Set":23,"Runic Pyramid":17},{"Blood Vial":15,"Anchor":4,"DataDisk":6,"NeowsBlessing":0,"Golden Idol":2,"Strawberry":3,"Oddly Smooth Stone":7,"Chemical X":11,"Orichalcum":15,"Cracked Core":0,"Ancient Tea Set":13,"Runic Pyramid":9},{"Blood Vial":59,"Anchor":6,"DataDisk":15,"NeowsBlessing":0,"Golden Idol":2,"Strawberry":3,"Oddly Smooth Stone":19,"Chemical X":38,"Orichalcum":59,"Cracked Core":0,"Ancient Tea Set":48,"Runic Pyramid":30}]},"card_choices":[{"not_picked":["Consume","Fusion"],"picked":"Compile Driver","floor":1.0},{"not_picked":["Beam Cell","Gash"],"picked":"Genetic Algorithm","floor":4.0},{"not_picked":["Storm","Turbo"],"picked":"Ball Lightning","floor":6.0},{"not_picked":["Fusion","Leap"],"picked":"Ball Lightning","floor":7.0},{"not_picked":["Ball Lightning","Skim"],"picked":"Reinforced Body","floor":10.0},{"not_picked":["Stack","Barrage"],"picked":"Turbo","floor":11.0},{"not_picked":["Chill","Streamline"],"picked":"Chaos","floor":12.0},{"not_picked":["Ball Lightning","Auto Shields"],"picked":"Lockon","floor":14.0},{"not_picked":["All For One","Multi-Cast"],"picked":"Biased Cognition","floor":16},{"not_picked":["Lockon","Doom and Gloom","Beam Cell"],"picked":"SKIP","floor":18},{"not_picked":["Chill","Gash","Reprogram"],"picked":"SKIP","floor":20},{"not_picked":["Doom and Gloom","Barrage","Leap"],"picked":"SKIP","floor":22},{"not_picked":["Aggregate","Buffer"],"picked":"Loop","floor":23},{"not_picked":["Redo","Turbo"],"picked":"Recycle","floor":24},{"not_picked":["Double Energy","Reinforced Body"],"picked":"Echo Form","floor":25}],"player_experience":832545,"relics_obtained":[{"floor":6.0,"key":"Strawberry"},{"floor":9.0,"key":"Anchor"},{"floor":11.0,"key":"DataDisk"},{"floor":13.0,"key":"Oddly Smooth Stone"},{"floor":23,"key":"Ancient Tea Set"},{"floor":25,"key":"Blood Vial"},{"floor":26,"key":"Orichalcum"}],"event_choices":[{"cards_removed":["Defend_B"],"damage_healed":0.0,"max_hp_gain":0.0,"max_hp_loss":0.0,"gold_gain":0.0,"event_name":"Golden Wing","player_choice":"Card Removal","floor":2.0,"gold_loss":0.0,"damage_taken":7.0},{"damage_healed":0.0,"max_hp_gain":0.0,"max_hp_loss":0.0,"gold_gain":0.0,"event_name":"Golden Idol","player_choice":"Take Damage","floor":5.0,"gold_loss":0.0,"damage_taken":24.0,"relics_obtained":["Golden Idol"]},{"cards_removed":["Strike_B"],"damage_healed":0,"gold_gain":0,"player_choice":"Offered Basic","damage_taken":0,"max_hp_gain":0,"max_hp_loss":0,"event_name":"Bonfire Elementals","floor":19,"gold_loss":0},{"damage_healed":0,"gold_gain":0,"player_choice":"Ignored","damage_taken":0,"max_hp_gain":0,"max_hp_loss":0,"event_name":"Cursed Tome","floor":27,"gold_loss":0}],"is_beta":false,"boss_relics":[{"not_picked":["Empty Cage","Cursed Key"],"picked":"Runic Pyramid"}],"items_purged_floors":[3,21],"is_endless":false,"potions_floor_spawned":[4,6,10,12,16,20,22,24,25],"killed_by":"Gremlin Leader","ascension_level":20}