{"gold_per_floor":[113,132,152,152,170,204,204,235,235,235,160,160,190,206,206,282,282,297,46,46,46,58,58,75,105,185,185,200,200,235,248,248,325,325,342,342,342,356,372,372,398,398,469,481,499,534,553,578,578,578,578,578,578,98,133,133],"floor_reached":57,"playtime":2425,"items_purged":["Defend_B","Defend_B"],"score":3019,"play_id":"86424a13-7881-47e0-abc0-7f52c5a202e1","local_time":"20240910114959","is_ascension_mode":true,"campfire_choices":[{"floor":7.0,"key":"REST"},{"data":"Dualcast","floor":10.0,"key":"SMITH"},{"data":"Barrage","floor":15.0,"key":"SMITH"},{"data":"Heatsinks","floor":23.0,"key":"SMITH"},{"floor":29.0,"key":"REST"},{"floor":32.0,"key":"REST"},{"data":"Apotheosis","floor":40.0,"key":"SMITH"},{"floor":42.0,"key":"REST"},{"floor":49.0,"key":"RECALL"},{"data":"Fusion","floor":53.0,"key":"SMITH"}],"neow_cost":"TEN_PERCENT_HP_LOSS","seed_source_timestamp":1410634068900,"circlet_count":0,"master_deck":["AscendersBane","Zap","Dualcast+1","Static Discharge","Doom and Gloom","Undo","Beam Cell","Ball Lightning","Turbo","Reboot","Barrage+1","Creative AI","Creative AI+1","Amplify+1","Heatsinks+1","Loop","Seek","Echo Form","White Noise+1","Hologram","Coolheaded","Storm","Compile Driver","Echo Form","Consume","Apotheosis+1","Impatience","Coolheaded","Force Field+1","Hologram","Skim+1","Fusion+1","Turbo","Compile Driver","Storm"],"special_seed":0,"relics":["Cracked Core","White Beast Statue","Singing Bowl","HornCleat","Ornamental Fan","Mummified Hand","Astrolabe","Orrery","Letter Opener","Meat on the Bone","StrikeDummy","Inserter","Darkstone Periapt","Bottled Lightning","Calipers","OrangePellets","Art of War"],"potions_floor_usage":[56],"damage_taken":[{"damage":1.0,"enemies":"Cultist","floor":1.0,"turns":3.0},{"damage":1.0,"enemies":"2 Louse","floor":2.0,"turns":2.0},{"damage":2.0,"enemies":"Jaw Worm","floor":3.0,"turns":4.0},{"damage":9.0,"enemies":"3 Louse","floor":5.0,"turns":3.0},{"damage":15.0,"enemies":"3 Sentries","floor":6.0,"turns":5.0},{"damage":8.0,"enemies":"Gremlin Nob","floor":8.0,"turns":3.0},{"damage":7.0,"enemies":"Lagavulin","floor":13.0,"turns":5.0},{"damage":19.0,"enemies":"Large Slime","floor":14.0,"turns":4.0},{"damage":0.0,"enemies":"Slime Boss","floor":16.0,"turns":6.0},{"damage":32.0,"enemies":"Shell Parasite","floor":18.0,"turns":4.0},{"damage":0.0,"enemies":"Spheric Guardian","floor":22.0,"turns":3.0},{"damage":15.0,"enemies":"Shelled Parasite and Fungi","floor":24.0,"turns":3.0},{"damage":17.0,"enemies":"Book of Stabbing","floor":25.0,"turns":3.0},{"damage":0.0,"enemies":"Chosen and Byrds","floor":28.0,"turns":3.0},{"damage":34.0,"enemies":"Slavers","floor":30.0,"turns":3.0},{"damage":9.0,"enemies":"Snake Plant","floor":31.0,"turns":2.0},{"damage":5.0,"enemies":"Automaton","floor":33.0,"turns":6.0},{"damage":11.0,"enemies":"Orb Walker","floor":35.0,"turns":2.0},{"damage":0.0,"enemies":"3 Shapes","floor":38.0,"turns":1.0},{"damage":6.0,"enemies":"Sphere and 2 Shapes","floor":39.0,"turns":5.0},{"damage":0.0,"enemies":"Giant Head","floor":41.0,"turns":4.0},{"damage":17.0,"enemies":"Spire Growth","floor":44.0,"turns":5.0},{"damage":14.0,"enemies":"3 Darklings","floor":45.0,"turns":3.0},{"damage":2.0,"enemies":"Reptomancer","floor":46.0,"turns":3.0},{"damage":0.0,"enemies":"Transient","floor":47.0,"turns":5.0},{"damage":0.0,"enemies":"Mind Bloom Boss Battle","floor":48.0,"turns":4.0},{"damage":44.0,"enemies":"Awakened One","floor":50.0,"turns":14.0},{"damage":0.0,"enemies":"Donu and Deca","floor":51.0,"turns":2.0},{"damage":56.0,"enemies":"Shield and Spear","floor":55.0,"turns":4.0},{"damage":23,"enemies":"The Heart","floor":56,"turns":6}],"seed_played":"7834967748607624352","potions_obtained":[{"floor":1.0,"key":"Strength Potion"},{"floor":6.0,"key":"SkillPotion"},{"floor":8.0,"key":"BlessingOfTheForge"},{"floor":13.0,"key":"Fire Potion"},{"floor":16.0,"key":"Strength Potion"},{"floor":18.0,"key":"SkillPotion"},{"floor":24.0,"key":"PotionOfCapacity"},{"floor":30.0,"key":"Swift Potion"},{"floor":35.0,"key":"GamblersBrew"},{"floor":41.0,"key":"Regen Potion"},{"floor":44.0,"key":"BlessingOfTheForge"},{"floor":46.0,"key":"FearPotion"}],"is_trial":false,"path_per_floor":["M","M","M","?","M","E","R","E","T","R","$","T","E","M","R","B",null,"M","$","?","?","M","R","M","E","T","?","M","R","E","M","R","B",null,"M","?","?","M","M","R","E","R","T","M","M","E","M","?","R","B","B",null,"R","$","E","B",null],"character_chosen":"DEFECT","basemod:card_modifiers":[null,null,null,null,null,null,null,null,null,null,null,null,null,null,null,null,null,null,null,null,null,null,null,null,null,null,null,null,null,null,null,null,null,null,null],"items_purchased":["Heatsinks","Orrery","OrangePellets","Turbo","Compile Driver","Storm","Swift Potion"],"campfire_rested":4,"item_purchase_floors":[19,19,54,54,54,54,54],"current_hp_per_floor":[63,62,60,60,51,36,55,49,49,49,49,49,44,27,27,27,59,29,31,31,31,33,33,18,3,3,3,15,38,16,19,42,49,71,60,52,52,52,46,46,48,72,72,66,52,52,52,52,52,20,32,73,73,73,31,20],"gold":133,"neow_bonus":"TRANSFORM_TWO_CARDS","is_prod":false,"is_daily":false,"chose_seed":false,"campfire_upgraded":5,"win_rate":0,"timestamp":1725936599,"path_taken":["M","M","M","?","M","E","R","E","T","R","$","?","E","M","R","BOSS","M","$","?","?","M","R","M","E","T","?","M","R","E","M","R","BOSS","M","?","?","M","M","R","E","R","T","M","M","E","M","?","R","BOSS","BOSS","R","$","E","BOSS"],"build_version":"2022-12-18","purchased_purges":2,"victory":true,"max_hp_per_floor":[64,64,64,64,64,64,64,66,66,66,66,66,68,70,70,70,70,72,74,74,74,76,76,76,78,78,78,78,78,78,78,78,78,78,78,80,80,80,80,80,82,82,82,84,84,86,86,86,86,86,86,86,86,86,88,88],"relic_stats":{"Darkstone Periapt":0,"Inserter":[28],"Calipers":[403],"Singing Bowl":24,"counters":[30,120],"Astrolabe":["Creative AI","Amplify","Reprogram"],"Letter Opener":[571],"White Beast Statue":[0.0,0.0,0.0,0.4,0.0,0.6000000000000001,0.0,0.0,0.0,0.0,0.0,10.050994944000003],"OrangePellets":[5],"Ornamental Fan":[96],"Mummified Hand":[401],"Art of War":[2],"Bottled Lightning":"Seek","obtain_stats":[{"Darkstone Periapt":41,"Inserter":34,"Calipers":48,"Singing Bowl":8,"Astrolabe":17,"Letter Opener":25,"White Beast Statue":6,"OrangePellets":54,"HornCleat":9,"Ornamental Fan":12,"Mummified Hand":13,"Orrery":19,"Art of War":55,"Bottled Lightning":46,"Cracked Core":0,"StrikeDummy":30,"Meat on the Bone":26},{"Darkstone Periapt":21,"Inserter":17,"Calipers":26,"Singing Bowl":6,"Astrolabe":9,"Letter Opener":13,"White Beast Statue":5,"OrangePellets":28,"HornCleat":6,"Ornamental Fan":6,"Mummified Hand":7,"Orrery":10,"Art of War":29,"Bottled Lightning":24,"Cracked Core":0,"StrikeDummy":15,"Meat on the Bone":13},{"Darkstone Periapt":74,"Inserter":62,"Calipers":94,"Singing Bowl":20,"Astrolabe":35,"Letter Opener":48,"White Beast Statue":17,"OrangePellets":110,"HornCleat":20,"Ornamental Fan":20,"Mummified Hand":25,"Orrery":39,"Art of War":114,"Bottled Lightning":85,"Cracked Core":0,"StrikeDummy":54,"Meat on the Bone":48}],"Meat on the Bone":96},"card_choices":[{"not_picked":["Melter","Hologram"],"picked":"Undo","floor":1.0},{"not_picked":["Go for the Eyes","Blizzard"],"picked":"Beam Cell","floor":2.0},{"not_picked":["Turbo","Auto Shields"],"picked":"Ball Lightning","floor":3.0},{"not_picked":["Streamline","Cold Snap"],"picked":"Barrage","floor":5.0},{"not_picked":["Rainbow","Heatsinks","Blizzard"],"picked":"SKIP","floor":6.0},{"not_picked":["Stack","Consume","Coolheaded"],"picked":"Singing Bowl","floor":8.0},{"not_picked":["Sweeping Beam","Hello World","Double Energy"],"picked":"Singing Bowl","floor":13.0},{"not_picked":["Go for the Eyes","Sweeping Beam","Genetic Algorithm"],"picked":"Singing Bowl","floor":14.0},{"not_picked":["Hyperbeam","Rainbow"],"picked":"Creative AI","floor":16.0},{"not_picked":["Rip and Tear+1","Fusion+1","Reprogram"],"picked":"Singing Bowl","floor":18.0},{"not_picked":["Stack+1","Double Energy"],"picked":"Loop","floor":19.0},{"not_picked":["Darkness","Static Discharge"],"picked":"Seek","floor":19.0},{"not_picked":["Meteor Strike","Rainbow"],"picked":"Echo Form","floor":19.0},{"not_picked":["Consume","Beam Cell"],"picked":"White Noise+1","floor":19.0},{"not_picked":["Steam","Doom and Gloom","Cold Snap"],"picked":"Singing Bowl","floor":19.0},{"not_picked":["Go for the Eyes","Loop","Sweeping Beam"],"picked":"Singing Bowl","floor":22.0},{"not_picked":["Lockon","Conserve Battery"],"picked":"Hologram","floor":24.0},{"not_picked":["Darkness","Genetic Algorithm","Streamline+1"],"picked":"Singing Bowl","floor":25.0},{"not_picked":["Redo","Sweeping Beam"],"picked":"Coolheaded","floor":28.0},{"not_picked":["Barrage","Steam Power+1"],"picked":"Storm","floor":30.0},{"not_picked":["Cold Snap","Hologram"],"picked":"Compile Driver","floor":31.0},{"not_picked":["Reboot","Biased Cognition"],"picked":"Echo Form","floor":33.0},{"not_picked":["Chill","Tempest"],"picked":"Consume","floor":35.0},{"not_picked":["Panacea","Violence"],"picked":"Apotheosis","floor":36.0},{"not_picked":["Trip","Discovery"],"picked":"Impatience","floor":36.0},{"not_picked":["Swift Strike","Dramatic Entrance","Purity"],"picked":"Singing Bowl","floor":36.0},{"not_picked":["Hologram","White Noise"],"picked":"Coolheaded","floor":38.0},{"not_picked":["Defragment","Streamline"],"picked":"Force Field+1","floor":39.0},{"not_picked":["Reprogram+1","Coolheaded","All For One"],"picked":"Singing Bowl","floor":41.0},{"not_picked":["Ball Lightning","Coolheaded","Barrage"],"picked":"Singing Bowl","floor":44.0},{"not_picked":["FTL","Gash"],"picked":"Hologram","floor":45.0},{"not_picked":["Melter+1","Leap","White Noise"],"picked":"SKIP","floor":46.0},{"not_picked":["Melter+1","Leap","White Noise"],"picked":"Singing Bowl","floor":46.0},{"not_picked":["Scrape+1","Compile Driver"],"picked":"Skim+1","floor":47.0},{"not_picked":["Biased Cognition","Hologram"],"picked":"Fusion","floor":48.0},{"not_picked":["Chill+1","Storm","Cold Snap"],"picked":"Singing Bowl","floor":55.0}],"player_experience":840001,"relics_obtained":[{"floor":6.0,"key":"White Beast Statue"},{"floor":8.0,"key":"Singing Bowl"},{"floor":9.0,"key":"HornCleat"},{"floor":12.0,"key":"Ornamental Fan"},{"floor":13.0,"key":"Mummified Hand"},{"floor":25.0,"key":"Letter Opener"},{"floor":26.0,"key":"Meat on the Bone"},{"floor":30.0,"key":"StrikeDummy"},{"floor":41.0,"key":"Darkstone Periapt"},{"floor":46.0,"key":"Bottled Lightning"},{"floor":48.0,"key":"Calipers"},{"floor":55.0,"key":"Art of War"}],"event_choices":[{"damage_healed":0.0,"max_hp_gain":0.0,"max_hp_loss":0.0,"gold_gain":0.0,"event_name":"Match and Keep!","player_choice":"2 cards matched","floor":4.0,"gold_loss":0.0,"damage_taken":0.0,"cards_obtained":["Turbo","Reboot"]},{"damage_healed":0.0,"max_hp_gain":0.0,"max_hp_loss":0.0,"gold_gain":0.0,"event_name":"The Mausoleum","player_choice":"Ignored","floor":20.0,"gold_loss":0.0,"damage_taken":0.0},{"cards_removed":["Strike_B"],"damage_healed":0.0,"max_hp_gain":0.0,"max_hp_loss":0.0,"gold_gain":0.0,"event_name":"Back to Basics","player_choice":"Elegance","floor":21.0,"gold_loss":0.0,"damage_taken":0.0},{"damage_healed":0.0,"max_hp_gain":0.0,"max_hp_loss":0.0,"gold_gain":0.0,"event_name":"Cursed Tome","player_choice":"Ignored","floor":27.0,"gold_loss":0.0,"damage_taken":0.0},{"damage_healed":0.0,"max_hp_gain":0.0,"max_hp_loss":0.0,"gold_gain":0.0,"event_name":"SensoryStone","player_choice":"Memory 3","floor":36.0,"gold_loss":0.0,"damage_taken":10.0},{"cards_removed":["Reprogram"],"damage_healed":0.0,"max_hp_gain":0.0,"max_hp_loss":0.0,"gold_gain":0.0,"event_name":"Falling","player_choice":"Removed Skill","floor":37.0,"gold_loss":0.0,"damage_taken":0.0},{"damage_healed":0.0,"max_hp_gain":0.0,"max_hp_loss":0.0,"gold_gain":0.0,"event_name":"MindBloom","player_choice":"Fight","floor":48.0,"gold_loss":0.0,"damage_taken":0.0}],"is_beta":false,"boss_relics":[{"not_picked":["Busted Crown","Sozu"],"picked":"Astrolabe"},{"not_picked":["Calling Bell","Empty Cage"],"picked":"Inserter"}],"items_purged_floors":[11,54],"is_endless":false,"potions_floor_spawned":[1,6,8,13,14,16,18,22,24,25,28,30,31,33,35,38,39,41,44,45,46,47,48,55],"ascension_level":20}