{"gold_per_floor":[112,123,140,153,173,201,201],"floor_reached":7,"playtime":225,"items_purged":[],"score":110,"play_id":"f0fc26dc-d7a1-46c7-99aa-7468e217666d","local_time":"20240910164444","is_ascension_mode":true,"campfire_choices":[],"neow_cost":"CURSE","seed_source_timestamp":2528717021200,"circlet_count":0,"master_deck":["AscendersBane","Strike_R","Strike_R","Strike_R","Defend_R","Defend_R","Defend_R","Defend_R","Bash","Decay","Dual Wield","Thunderclap","Flame Barrier","Uppercut","Feel No Pain","Feed"],"special_seed":0,"relics":["Burning Blood","Omamori"],"potions_floor_usage":[4,6],"damage_taken":[{"damage":20.0,"enemies":"Cultist","floor":1.0,"turns":5.0},{"damage":7.0,"enemies":"2 Louse","floor":2.0,"turns":4.0},{"damage":4.0,"enemies":"Jaw Worm","floor":3.0,"turns":4.0},{"damage":3,"enemies":"Looter","floor":4,"turns":4},{"damage":36,"enemies":"Red Slaver","floor":5,"turns":7},{"damage":8,"enemies":"3 Sentries","floor":6,"turns":16},{"damage":12,"enemies":"Lots of Slimes","floor":7,"turns":2}],"seed_played":"-676792804069168197","potions_obtained":[{"floor":1.0,"key":"HeartOfIron"},{"floor":3.0,"key":"DistilledChaos"}],"is_trial":false,"path_per_floor":["M","M","M","M","M","E","M"],"character_chosen":"IRONCLAD","basemod:card_modifiers":[null,null,null,null,null,null,null,null,null,null,null,null,null,null,null,null],"items_purchased":[],"campfire_rested":0,"item_purchase_floors":[],"current_hp_per_floor":[54,53,55,58,28,26,14],"gold":201,"neow_bonus":"TRANSFORM_TWO_CARDS","is_prod":false,"is_daily":false,"chose_seed":false,"campfire_upgraded":0,"win_rate":0,"timestamp":1725954284,"path_taken":["M","M","M","M","M","E","?"],"build_version":"2022-12-18","purchased_purges":0,"victory":false,"max_hp_per_floor":[75,75,75,75,75,75,75],"relic_stats":{"counters":[7,42],"Omamori":0,"obtain_stats":[{"Omamori":6,"Burning Blood":0},{"Omamori":6,"Burning Blood":0},{"Omamori":40,"Burning Blood":0}],"Burning Blood":36},"card_choices":[{"not_picked":["True Grit","Metallicize"],"picked":"Flame Barrier","floor":1.0},{"not_picked":["Havoc","Searing Blow"],"picked":"Uppercut","floor":2.0},{"not_picked":["Wild Strike","Iron Wave"],"picked":"Feel No Pain","floor":3.0},{"not_picked":["Body Slam","Heavy Blade","Perfected Strike"],"picked":"SKIP","floor":4},{"not_picked":["Flex","Perfected Strike","Rage"],"picked":"SKIP","floor":5},{"not_picked":["Body Slam","Warcry"],"picked":"Feed","floor":6}],"player_experience":843917,"relics_obtained":[{"floor":6,"key":"Omamori"}],"event_choices":[],"is_beta":false,"boss_relics":[],"items_purged_floors":[],"is_endless":false,"potions_floor_spawned":[1,3],"killed_by":"Lots of Slimes","ascension_level":20}