{"gold_per_floor":[109,109,109,67,78,78,92,92,142,170,186,111,111,155,155,244,244,264,285,81,81,81,81,114,114,185,220,241,261,261,261,261,350,350,366,81,81,414,414,448,448,465,543,571,571,603,620,650,650,650,650,650,650,99,129,129],"floor_reached":56,"playtime":2625,"items_purged":["Strike_G","Strike_G","Distraction","Bite"],"score":2414,"play_id":"106d6faf-40b7-4100-9f0c-e489e36d3d0d","local_time":"20240913012811","is_ascension_mode":true,"campfire_choices":[{"data":"Noxious Fumes","floor":6.0,"key":"SMITH"},{"data":"Poisoned Stab","floor":8.0,"key":"SMITH"},{"data":"Night Terror","floor":15.0,"key":"SMITH"},{"data":"Wraith Form v2","floor":23.0,"key":"SMITH"},{"data":"Ghostly","floor":30.0,"key":"SMITH"},{"data":"Burst","floor":32.0,"key":"SMITH"},{"data":"Venomology","floor":41.0,"key":"SMITH"},{"data":"Night Terror","floor":45.0,"key":"SMITH"},{"floor":49.0,"key":"RECALL"},{"data":"Madness","floor":53,"key":"SMITH"}],"neow_cost":"NONE","seed_source_timestamp":25902171342400,"circlet_count":0,"master_deck":["AscendersBane","Survivor","Neutralize","Dagger Spray","Noxious Fumes+1","Poisoned Stab+1","Blade Dance","Night Terror+1","Finisher","Burst+1","Wraith Form v2+1","Escape Plan","Leg Sweep","Deflect","Ghostly+1","Ghostly+1","Ghostly","Bite","Bite","Bite","Bite","Setup+1","Venomology+1","Night Terror+1","PiercingWail","Deadly Poison","Malaise","Escape Plan","Prepared","Madness+1","Madness"],"special_seed":0,"relics":["Ring of the Snake","NeowsBlessing","PreservedInsect","Strawberry","Bronze Scales","Runic Pyramid","Orichalcum","Ninja Scroll","HornCleat","Pandora\u0027s Box","Orrery","Ice Cream","Unceasing Top","Art of War","Du-Vu Doll","Incense Burner","Blood Vial"],"potions_floor_usage":[50,50,51,56,56],"damage_taken":[{"damage":0.0,"enemies":"2 Louse","floor":1.0,"turns":1.0},{"damage":0.0,"enemies":"Jaw Worm","floor":5.0,"turns":1.0},{"damage":0.0,"enemies":"Cultist","floor":7.0,"turns":1.0},{"damage":15.0,"enemies":"3 Sentries","floor":10.0,"turns":6.0},{"damage":5.0,"enemies":"Gremlin Gang","floor":11.0,"turns":5.0},{"damage":22.0,"enemies":"Lagavulin","floor":14.0,"turns":7.0},{"damage":4.0,"enemies":"Hexaghost","floor":16.0,"turns":6.0},{"damage":26.0,"enemies":"Chosen","floor":18.0,"turns":5.0},{"damage":25.0,"enemies":"2 Thieves","floor":19.0,"turns":4.0},{"damage":8.0,"enemies":"Book of Stabbing","floor":24.0,"turns":6.0},{"damage":0.0,"enemies":"Slavers","floor":27.0,"turns":5.0},{"damage":11.0,"enemies":"Sentry and Sphere","floor":28.0,"turns":8.0},{"damage":0.0,"enemies":"3 Cultists","floor":29.0,"turns":7.0},{"damage":1.0,"enemies":"Champ","floor":33.0,"turns":18.0},{"damage":24.0,"enemies":"3 Darklings","floor":35.0,"turns":13.0},{"damage":0.0,"enemies":"Giant Head","floor":40.0,"turns":10.0},{"damage":0.0,"enemies":"3 Shapes","floor":42.0,"turns":11.0},{"damage":0.0,"enemies":"Reptomancer","floor":44.0,"turns":8.0},{"damage":0.0,"enemies":"Nemesis","floor":46.0,"turns":13.0},{"damage":0.0,"enemies":"Transient","floor":47.0,"turns":6.0},{"damage":0.0,"enemies":"Giant Head","floor":48.0,"turns":11.0},{"damage":11,"enemies":"Awakened One","floor":50,"turns":18},{"damage":0,"enemies":"Time Eater","floor":51,"turns":15},{"damage":0,"enemies":"Shield and Spear","floor":55,"turns":9},{"damage":38,"enemies":"The Heart","floor":56,"turns":9}],"seed_played":"6777709758856959773","potions_obtained":[{"floor":7.0,"key":"PowerPotion"},{"floor":11.0,"key":"Energy Potion"},{"floor":16.0,"key":"SneckoOil"},{"floor":19.0,"key":"SmokeBomb"},{"floor":27.0,"key":"AttackPotion"},{"floor":44.0,"key":"Fire Potion"},{"floor":46.0,"key":"DistilledChaos"}],"is_trial":false,"path_per_floor":["M","?","?","$","M","R","M","R","T","E","M","$","?","E","R","B",null,"M","M","$","?","?","R","E","?","T","E","M","M","R","?","R","B",null,"M","$","$","?","?","E","R","M","T","E","R","E","M","E","R","B","B",null,"R","$","E","B"],"character_chosen":"THE_SILENT","basemod:card_modifiers":[null,null,null,null,null,null,null,null,null,null,null,null,null,null,null,null,null,null,null,null,null,null,null,null,null,null,null,null,null,null,null],"items_purchased":["Noxious Fumes","Leg Sweep","Deflect","Orrery","Incense Burner","GamblersBrew"],"campfire_rested":0,"item_purchase_floors":[4,20,20,36,54,54],"current_hp_per_floor":[59,64,64,64,64,64,64,64,64,56,51,51,51,29,29,25,60,34,9,9,9,9,9,7,7,7,15,18,24,24,24,24,24,24,24,24,24,24,20,24,24,24,24,24,24,24,24,24,24,24,24,24,24,24,24,0],"gold":129,"neow_bonus":"THREE_ENEMY_KILL","is_prod":false,"is_daily":false,"chose_seed":false,"campfire_upgraded":9,"win_rate":0,"timestamp":1726158491,"path_taken":["M","?","?","$","?","R","?","R","T","E","M","$","?","E","R","BOSS","M","M","$","?","?","R","E","?","T","E","M","M","R","?","R","BOSS","M","?","$","?","?","E","R","M","T","E","R","E","M","E","R","BOSS","BOSS","R","$","E","BOSS"],"build_version":"2022-12-18","purchased_purges":4,"victory":false,"max_hp_per_floor":[66,71,71,71,71,71,71,71,71,78,78,78,71,71,71,71,71,71,71,71,35,24,24,24,24,24,24,24,24,24,24,24,24,24,24,24,24,24,24,24,24,24,24,24,24,24,24,24,24,24,24,24,24,24,24,24],"relic_stats":{"Ice Cream":[150],"Blood Vial":0,"counters":[25,203],"Bronze Scales":[681],"Pandora\u0027s Box":["Night Terror","PiercingWail","Deadly Poison","Malaise","Distraction"],"PreservedInsect":594,"Art of War":[14],"Orichalcum":[648],"obtain_stats":[{"Ice Cream":40,"NeowsBlessing":0,"Golden Idol":13,"PreservedInsect":9,"Incense Burner":54,"Orichalcum":24,"Du-Vu Doll":48,"Blood Vial":55,"HornCleat":27,"Ninja Scroll":26,"Strawberry":10,"Bronze Scales":14,"Orrery":36,"Pandora\u0027s Box":34,"Art of War":46,"Unceasing Top":44,"Ring of the Snake":0,"Runic Pyramid":17},{"Ice Cream":16,"NeowsBlessing":0,"Golden Idol":5,"PreservedInsect":3,"Incense Burner":23,"Orichalcum":10,"Du-Vu Doll":21,"Blood Vial":24,"HornCleat":11,"Ninja Scroll":10,"Strawberry":4,"Bronze Scales":6,"Orrery":15,"Pandora\u0027s Box":14,"Art of War":19,"Unceasing Top":18,"Ring of the Snake":0,"Runic Pyramid":7},{"Ice Cream":103,"NeowsBlessing":0,"Golden Idol":14,"PreservedInsect":3,"Incense Burner":185,"Orichalcum":42,"Du-Vu Doll":152,"Blood Vial":194,"HornCleat":47,"Ninja Scroll":42,"Strawberry":9,"Bronze Scales":21,"Orrery":93,"Pandora\u0027s Box":80,"Art of War":135,"Unceasing Top":122,"Ring of the Snake":0,"Runic Pyramid":27}],"Unceasing Top":[1],"Ring of the Snake":[50]},"card_choices":[{"not_picked":["Blur","Expertise"],"picked":"Dagger Spray","floor":1.0},{"not_picked":["Slice","Finisher"],"picked":"Poisoned Stab","floor":5.0},{"not_picked":["Flying Knee","Escape Plan"],"picked":"Blade Dance","floor":7.0},{"not_picked":["Expertise","Slice"],"picked":"Night Terror","floor":10.0},{"not_picked":["Underhanded Strike","Prepared"],"picked":"Finisher","floor":11.0},{"not_picked":["Outmaneuver","Prepared"],"picked":"Burst","floor":14.0},{"not_picked":["A Thousand Cuts","Envenom"],"picked":"Wraith Form v2","floor":16.0},{"not_picked":["Finisher","Acrobatics+1"],"picked":"Escape Plan","floor":18.0},{"not_picked":["PiercingWail","Underhanded Strike","Prepared"],"picked":"SKIP","floor":19.0},{"not_picked":["Bane","Dagger Throw"],"picked":"Setup+1","floor":24.0},{"not_picked":["Dodge and Roll","All Out Attack","Flying Knee"],"picked":"SKIP","floor":27.0},{"not_picked":["Leg Sweep","Blade Dance","Deadly Poison"],"picked":"SKIP","floor":28.0},{"not_picked":["Bane+1","Outmaneuver","Deflect"],"picked":"SKIP","floor":29.0},{"not_picked":["Malaise","Storm of Steel"],"picked":"Venomology","floor":33.0},{"not_picked":["Backflip","Acrobatics+1","Underhanded Strike"],"picked":"SKIP","floor":35.0},{"not_picked":["Sucker Punch","Deadly Poison"],"picked":"Escape Plan","floor":36.0},{"not_picked":["Quick Slash+1","Storm of Steel"],"picked":"Prepared","floor":36.0},{"not_picked":["Bane","Poisoned Stab","Underhanded Strike+1"],"picked":"SKIP","floor":40.0},{"not_picked":["Underhanded Strike","Poisoned Stab+1","Dagger Spray"],"picked":"SKIP","floor":42.0},{"not_picked":["Dagger Spray","Slice","Deflect"],"picked":"SKIP","floor":44.0},{"not_picked":["Skewer","Accuracy","Quick Slash+1"],"picked":"SKIP","floor":46.0},{"not_picked":["Bane","Blur","Poisoned Stab"],"picked":"SKIP","floor":47.0},{"not_picked":["Grand Finale","Setup","Blur"],"picked":"SKIP","floor":48.0},{"not_picked":["Distraction","Eviscerate","Poisoned Stab"],"picked":"SKIP","floor":55}],"player_experience":854218,"relics_obtained":[{"floor":9.0,"key":"PreservedInsect"},{"floor":10.0,"key":"Strawberry"},{"floor":14.0,"key":"Bronze Scales"},{"floor":24.0,"key":"Orichalcum"},{"floor":26.0,"key":"Ninja Scroll"},{"floor":27.0,"key":"HornCleat"},{"floor":40.0,"key":"Ice Cream"},{"floor":44.0,"key":"Unceasing Top"},{"floor":46.0,"key":"Art of War"},{"floor":48.0,"key":"Du-Vu Doll"},{"floor":55,"key":"Blood Vial"}],"event_choices":[{"damage_healed":0.0,"max_hp_gain":5.0,"max_hp_loss":0.0,"gold_gain":0.0,"event_name":"Big Fish","player_choice":"Donut","floor":2.0,"gold_loss":0.0,"damage_taken":0.0},{"damage_healed":0.0,"max_hp_gain":0.0,"max_hp_loss":0.0,"gold_gain":0.0,"event_name":"WeMeetAgain","player_choice":"Ignored","floor":3.0,"gold_loss":0.0,"damage_taken":0.0},{"damage_healed":0.0,"max_hp_gain":0.0,"max_hp_loss":7.0,"gold_gain":0.0,"event_name":"Golden Idol","player_choice":"Lose Max HP","floor":13.0,"gold_loss":0.0,"damage_taken":0.0,"relics_obtained":["Golden Idol"]},{"damage_healed":0.0,"max_hp_gain":0.0,"max_hp_loss":36.0,"gold_gain":0.0,"event_name":"Ghosts","player_choice":"Became a Ghost","floor":21.0,"gold_loss":0.0,"damage_taken":0.0,"cards_obtained":["Ghostly","Ghostly","Ghostly"]},{"damage_healed":0.0,"max_hp_gain":0.0,"max_hp_loss":11.0,"gold_gain":0.0,"event_name":"Vampires","player_choice":"Became a vampire","floor":22.0,"gold_loss":0.0,"damage_taken":0.0,"cards_obtained":["Bite","Bite","Bite","Bite","Bite"]},{"damage_healed":0.0,"max_hp_gain":0.0,"max_hp_loss":0.0,"gold_gain":0.0,"event_name":"The Mausoleum","player_choice":"Ignored","floor":25.0,"gold_loss":0.0,"damage_taken":0.0},{"damage_healed":0.0,"max_hp_gain":0.0,"max_hp_loss":0.0,"gold_gain":0.0,"event_name":"Accursed Blacksmith","player_choice":"Forge","floor":31.0,"gold_loss":0.0,"damage_taken":0.0,"cards_upgraded":["Ghostly"]},{"damage_healed":0.0,"max_hp_gain":0.0,"max_hp_loss":0.0,"gold_gain":333.0,"event_name":"The Moai Head","player_choice":"Gave Idol","floor":38.0,"relics_lost":["Golden Idol"],"gold_loss":0.0,"damage_taken":0.0},{"damage_healed":0.0,"max_hp_gain":0.0,"max_hp_loss":0.0,"gold_gain":0.0,"event_name":"Winding Halls","player_choice":"Embrace Madness","floor":39.0,"gold_loss":0.0,"damage_taken":4.0,"cards_obtained":["Madness","Madness"]}],"is_beta":false,"boss_relics":[{"not_picked":["Calling Bell","Velvet Choker"],"picked":"Runic Pyramid"},{"not_picked":["Empty Cage","Fusion Hammer"],"picked":"Pandora\u0027s Box"}],"items_purged_floors":[12,20,36,54],"is_endless":false,"potions_floor_spawned":[7,11,14,16,19,27,40,44,46,47,55],"killed_by":"The Heart","ascension_level":20}