{"gold_per_floor":[117,42,60,75,88,88,119,119,119,159,159,178,201,214,214,309,309,322,340,32,53,69,109,109,54,54,67,67,67,117,132,132,231,231,250,281,301,326,326,326,359,379,403,403,403,438,99,135,135,135],"floor_reached":50,"playtime":1615,"items_purged":["Strike_R","Strike_R","Heavy Blade"],"score":1228,"play_id":"fd520afe-8c70-4408-92b5-e9c49721863f","local_time":"20240912152048","is_ascension_mode":true,"campfire_choices":[{"data":"Carnage","floor":6.0,"key":"SMITH"},{"data":"Blood for Blood","floor":15.0,"key":"SMITH"},{"floor":24.0,"key":"REST"},{"floor":29.0,"key":"REST"},{"data":"Dual Wield","floor":32.0,"key":"SMITH"},{"floor":40,"key":"REST"},{"floor":44,"key":"REST"},{"floor":49,"key":"RECALL"}],"neow_cost":"TEN_PERCENT_HP_LOSS","seed_source_timestamp":1705941305500,"circlet_count":0,"master_deck":["AscendersBane","Defend_R","Defend_R","Defend_R","Bash","Carnage+1","Dark Embrace","Shockwave","Blood for Blood+1","Dual Wield+1","Offering","Apotheosis","Sever Soul","Bloodletting","Disarm+1","Corruption","Seeing Red+1","Sword Boomerang+1","Heavy Blade+1","Rupture","Power Through","Shrug It Off"],"special_seed":0,"relics":["Burning Blood","TungstenRod","Golden Idol","Singing Bowl","Kunai","Snecko Eye","Boot","StrikeDummy","Astrolabe","Du-Vu Doll","Orichalcum","Meat on the Bone","Pen Nib","Self Forming Clay"],"potions_floor_usage":[33,46,50],"damage_taken":[{"damage":1.0,"enemies":"Cultist","floor":1.0,"turns":3.0},{"damage":8.0,"enemies":"2 Louse","floor":3.0,"turns":3.0},{"damage":7.0,"enemies":"Small Slimes","floor":4.0,"turns":5.0},{"damage":13.0,"enemies":"Exordium Thugs","floor":5.0,"turns":3.0},{"damage":25.0,"enemies":"Lagavulin","floor":7.0,"turns":4.0},{"damage":0.0,"enemies":"Gremlin Nob","floor":10.0,"turns":2.0},{"damage":21.0,"enemies":"Large Slime","floor":12.0,"turns":5.0},{"damage":5.0,"enemies":"Blue Slaver","floor":13.0,"turns":3.0},{"damage":11.0,"enemies":"3 Louse","floor":14.0,"turns":4.0},{"damage":27.0,"enemies":"Hexaghost","floor":16.0,"turns":8.0},{"damage":5.0,"enemies":"Chosen","floor":18.0,"turns":2.0},{"damage":18.0,"enemies":"Shell Parasite","floor":19.0,"turns":3.0},{"damage":26.0,"enemies":"Centurion and Healer","floor":21.0,"turns":3.0},{"damage":8.0,"enemies":"Chosen and Byrds","floor":22.0,"turns":3.0},{"damage":16.0,"enemies":"Slavers","floor":23.0,"turns":5.0},{"damage":15.0,"enemies":"Sentry and Sphere","floor":27.0,"turns":3.0},{"damage":17.0,"enemies":"Cultist and Chosen","floor":31.0,"turns":4.0},{"damage":24,"enemies":"Collector","floor":33,"turns":6},{"damage":8,"enemies":"3 Shapes","floor":35,"turns":4},{"damage":8,"enemies":"Mind Bloom Boss Battle","floor":36,"turns":4},{"damage":14,"enemies":"3 Darklings","floor":37,"turns":3},{"damage":24,"enemies":"4 Shapes","floor":38,"turns":5},{"damage":19,"enemies":"Giant Head","floor":41,"turns":4},{"damage":7,"enemies":"Spire Growth","floor":42,"turns":2},{"damage":22,"enemies":"Nemesis","floor":46,"turns":5},{"damage":8,"enemies":"Giant Head","floor":48,"turns":3},{"damage":66,"enemies":"Donu and Deca","floor":50,"turns":7}],"seed_played":"-1848914898935149390","potions_obtained":[{"floor":1.0,"key":"Energy Potion"},{"floor":3.0,"key":"SpeedPotion"},{"floor":7.0,"key":"SteroidPotion"},{"floor":12.0,"key":"Ancient Potion"},{"floor":21.0,"key":"GamblersBrew"},{"floor":33,"key":"PowerPotion"},{"floor":35,"key":"BlessingOfTheForge"},{"floor":46,"key":"Block Potion"}],"is_trial":false,"path_per_floor":["M","$","M","M","M","R","E","?","T","E","?","M","M","M","R","B",null,"M","M","$","M","M","E","R","$","T","M","?","R","?","M","R","B",null,"M","?","M","M","?","R","E","M","T","R","?","E","$","E","R","B"],"character_chosen":"IRONCLAD","basemod:card_modifiers":[null,null,null,null,null,null,null,null,null,null,null,null,null,null,null,null,null,null,null,null,null,null],"items_purchased":["Apotheosis","PowerPotion","Shrug It Off","Pen Nib"],"campfire_rested":4,"item_purchase_floors":[20,25,47,47],"current_hp_per_floor":[68,68,66,65,58,58,39,39,39,47,47,34,35,30,30,9,52,53,43,43,25,23,13,34,34,34,25,25,46,46,37,37,19,59,59,57,51,35,35,57,46,45,45,67,67,53,53,53,53,0],"gold":135,"neow_bonus":"TRANSFORM_TWO_CARDS","is_prod":false,"is_daily":false,"chose_seed":false,"campfire_upgraded":3,"win_rate":0,"timestamp":1726122048,"path_taken":["M","?","M","M","M","R","E","?","T","E","?","M","M","M","R","BOSS","M","M","$","M","M","E","R","$","T","M","?","R","?","M","R","BOSS","M","?","M","M","?","R","E","M","T","R","?","E","$","E","R","BOSS"],"build_version":"2022-12-18","purchased_purges":3,"victory":false,"max_hp_per_floor":[68,68,68,68,68,68,68,62,62,64,64,66,66,66,66,66,66,66,68,68,70,70,70,70,70,70,70,70,70,70,72,72,72,72,74,74,76,78,74,74,76,76,76,76,76,78,78,80,80,80],"relic_stats":{"Singing Bowl":22,"counters":[27,106],"Golden Idol":131,"Self Forming Clay":[21],"Astrolabe":["Seeing Red","Sword Boomerang","Heavy Blade"],"Pen Nib":[2],"Orichalcum":[12],"Boot":[10],"Burning Blood":151,"Snecko Eye":[130,122,115,123,-47],"Kunai":[34],"obtain_stats":[{"Singing Bowl":9,"Golden Idol":8,"Self Forming Clay":48,"Astrolabe":34,"Pen Nib":47,"Orichalcum":41,"Boot":23,"Burning Blood":0,"Du-Vu Doll":36,"Snecko Eye":17,"Kunai":10,"StrikeDummy":26,"TungstenRod":7,"Meat on the Bone":46},{"Singing Bowl":5,"Golden Idol":5,"Self Forming Clay":26,"Astrolabe":18,"Pen Nib":25,"Orichalcum":23,"Boot":15,"Burning Blood":0,"Du-Vu Doll":20,"Snecko Eye":10,"Kunai":6,"StrikeDummy":15,"TungstenRod":5,"Meat on the Bone":25},{"Singing Bowl":18,"Golden Idol":18,"Self Forming Clay":99,"Astrolabe":69,"Pen Nib":96,"Orichalcum":89,"Boot":56,"Burning Blood":0,"Du-Vu Doll":77,"Snecko Eye":40,"Kunai":20,"StrikeDummy":56,"TungstenRod":18,"Meat on the Bone":96}],"TungstenRod":77,"Meat on the Bone":0},"card_choices":[{"not_picked":["Bloodletting","Battle Trance"],"picked":"Dark Embrace","floor":1.0},{"not_picked":["Shrug It Off","Heavy Blade","True Grit"],"picked":"SKIP","floor":3.0},{"not_picked":["Rupture","Shrug It Off"],"picked":"Anger","floor":4.0},{"not_picked":["Iron Wave","Dual Wield","Clash"],"picked":"SKIP","floor":5.0},{"not_picked":["Sword Boomerang","Pummel"],"picked":"Shockwave","floor":7.0},{"not_picked":["Body Slam","Shrug It Off","Pommel Strike"],"picked":"Singing Bowl","floor":10.0},{"not_picked":["Combust","Iron Wave","Shrug It Off"],"picked":"Singing Bowl","floor":12.0},{"not_picked":["Clash","Sword Boomerang"],"picked":"Blood for Blood","floor":13.0},{"not_picked":["Whirlwind","Fiend Fire"],"picked":"Dual Wield","floor":14.0},{"not_picked":["Exhume","Bludgeon"],"picked":"Offering","floor":16.0},{"not_picked":["Anger","Headbutt"],"picked":"Heavy Blade","floor":18.0},{"not_picked":["Dark Embrace","Heavy Blade","Infernal Blade+1"],"picked":"Singing Bowl","floor":19.0},{"not_picked":["Whirlwind","Seeing Red","Wild Strike"],"picked":"Singing Bowl","floor":21.0},{"not_picked":["Twin Strike","Headbutt"],"picked":"Sever Soul","floor":22.0},{"not_picked":["Havoc","Cleave"],"picked":"Bloodletting","floor":23.0},{"not_picked":["Havoc","Heavy Blade"],"picked":"Disarm+1","floor":27.0},{"not_picked":["Pommel Strike","Disarm","Perfected Strike+1"],"picked":"Singing Bowl","floor":31.0},{"not_picked":["Bludgeon","Brutality"],"picked":"Corruption","floor":33},{"not_picked":["Thunderclap","Headbutt+1","Body Slam"],"picked":"Singing Bowl","floor":35},{"not_picked":["Iron Wave","Intimidate"],"picked":"Rupture","floor":36},{"not_picked":["Flex","Havoc","Anger"],"picked":"Singing Bowl","floor":37},{"not_picked":["Twin Strike","Uppercut","Havoc"],"picked":"Singing Bowl","floor":38},{"not_picked":["Pommel Strike","Wild Strike","Dropkick"],"picked":"Singing Bowl","floor":41},{"not_picked":["Burning Pact","Carnage"],"picked":"Power Through","floor":42},{"not_picked":["Armaments+1","Intimidate","Fire Breathing"],"picked":"Singing Bowl","floor":46},{"not_picked":["Dropkick","Headbutt+1","Entrench+1"],"picked":"Singing Bowl","floor":48}],"player_experience":848713,"relics_obtained":[{"floor":7.0,"key":"TungstenRod"},{"floor":9.0,"key":"Singing Bowl"},{"floor":10.0,"key":"Kunai"},{"floor":23.0,"key":"Boot"},{"floor":26.0,"key":"StrikeDummy"},{"floor":36,"key":"Du-Vu Doll"},{"floor":41,"key":"Orichalcum"},{"floor":46,"key":"Meat on the Bone"},{"floor":48,"key":"Self Forming Clay"}],"event_choices":[{"damage_healed":0.0,"max_hp_gain":0.0,"max_hp_loss":6.0,"gold_gain":0.0,"event_name":"Golden Idol","player_choice":"Lose Max HP","floor":8.0,"gold_loss":0.0,"damage_taken":0.0,"relics_obtained":["Golden Idol"]},{"damage_healed":0.0,"max_hp_gain":0.0,"max_hp_loss":0.0,"gold_gain":0.0,"cards_transformed":["Strike_R"],"event_name":"Transmorgrifier","player_choice":"Transformed","floor":11.0,"gold_loss":0.0,"damage_taken":0.0,"cards_obtained":["Perfected Strike"]},{"cards_removed":["Strike_R"],"damage_healed":0.0,"max_hp_gain":0.0,"max_hp_loss":0.0,"gold_gain":0.0,"event_name":"Back to Basics","player_choice":"Elegance","floor":28.0,"gold_loss":0.0,"damage_taken":0.0},{"damage_healed":0.0,"max_hp_gain":0.0,"max_hp_loss":0.0,"gold_gain":50.0,"event_name":"Nest","player_choice":"Stole From Cult","floor":30.0,"gold_loss":0.0,"damage_taken":0.0},{"damage_healed":0,"gold_gain":0,"player_choice":"Fight","damage_taken":0,"max_hp_gain":0,"max_hp_loss":0,"event_name":"MindBloom","floor":36,"gold_loss":0},{"damage_healed":0,"gold_gain":0,"player_choice":"Max HP","damage_taken":0,"max_hp_gain":0,"max_hp_loss":4,"event_name":"Winding Halls","floor":39,"gold_loss":0},{"damage_healed":0,"gold_gain":0,"player_choice":"Ignored","damage_taken":0,"max_hp_gain":0,"max_hp_loss":0,"event_name":"Tomb of Lord Red Mask","floor":45,"gold_loss":0}],"is_beta":false,"boss_relics":[{"not_picked":["Sozu","Black Star"],"picked":"Snecko Eye"},{"not_picked":["Busted Crown","Coffee Dripper"],"picked":"Astrolabe"}],"items_purged_floors":[2,20,47],"is_endless":false,"potions_floor_spawned":[1,3,5,7,12,14,18,21,33,35,38,41,46],"killed_by":"Donu and Deca","ascension_level":20}