{"gold_per_floor":[116,135,135,145,155,190,208,228,228,228,256,181,194,204,204,278,278,298,27,37,57,57,57,92,92,92,125,125,125,142,158,158,232,232,249,55,106,116,130,158,158,185,185,185,211,224,239,269,269,269,269,269,269,17,51,51],"floor_reached":57,"playtime":2161,"items_purged":["Strike_R","Strike_R","Strike_R"],"score":3002,"play_id":"cd92fddf-6241-474a-a26c-747d89d3732e","local_time":"20240913002800","is_ascension_mode":true,"campfire_choices":[{"data":"Uppercut","floor":10.0,"key":"SMITH"},{"data":"Shockwave","floor":15.0,"key":"SMITH"},{"floor":23.0,"key":"REST"},{"floor":25.0,"key":"REST"},{"data":"Feed","floor":29.0,"key":"SMITH"},{"floor":32.0,"key":"REST"},{"data":"Sentinel","floor":41.0,"key":"SMITH"},{"floor":49,"key":"RECALL"},{"floor":53,"key":"DIG"}],"neow_cost":"CURSE","seed_source_timestamp":23285309312100,"circlet_count":0,"master_deck":["AscendersBane","Strike_R","Defend_R","Defend_R","Defend_R","Defend_R","Bash","Uppercut+1","Shockwave+1","Reckless Charge","Carnage","Corruption+1","Feed+1","Demon Form+1","Battle Trance","Reaper","Feel No Pain+1","Exhume","Sentinel+1","Dark Embrace+1","Dark Embrace+1","Limit Break","Shrug It Off","Shockwave","Corruption+1","Madness","Madness","Flame Barrier","True Grit+1","Feel No Pain+1","Exhume","Warcry","Pommel Strike+1"],"special_seed":0,"relics":["Burning Blood","Pocketwatch","Frozen Egg 2","PreservedInsect","Happy Flower","Runic Dome","ClockworkSouvenir","Oddly Smooth Stone","Shuriken","The Courier","Runic Pyramid","Shovel","Nunchaku","Regal Pillow","Kunai","Mango","White Beast Statue"],"potions_floor_usage":[55,56],"damage_taken":[{"damage":0.0,"enemies":"2 Louse","floor":1.0,"turns":3.0},{"damage":4.0,"enemies":"Cultist","floor":2.0,"turns":4.0},{"damage":7.0,"enemies":"Jaw Worm","floor":4.0,"turns":3.0},{"damage":16.0,"enemies":"Exordium Wildlife","floor":5.0,"turns":4.0},{"damage":8.0,"enemies":"Gremlin Nob","floor":6.0,"turns":3.0},{"damage":9.0,"enemies":"3 Louse","floor":7.0,"turns":3.0},{"damage":4.0,"enemies":"2 Fungi Beasts","floor":8.0,"turns":3.0},{"damage":5.0,"enemies":"3 Sentries","floor":11.0,"turns":4.0},{"damage":9.0,"enemies":"Exordium Thugs","floor":13.0,"turns":3.0},{"damage":0.0,"enemies":"3 Louse","floor":14.0,"turns":3.0},{"damage":54.0,"enemies":"Slime Boss","floor":16.0,"turns":10.0},{"damage":23.0,"enemies":"Spheric Guardian","floor":18.0,"turns":4.0},{"damage":12.0,"enemies":"Chosen","floor":20.0,"turns":4.0},{"damage":16.0,"enemies":"Snake Plant","floor":21.0,"turns":5.0},{"damage":38.0,"enemies":"Gremlin Leader","floor":24.0,"turns":6.0},{"damage":29.0,"enemies":"Book of Stabbing","floor":27.0,"turns":4.0},{"damage":16.0,"enemies":"Snecko","floor":30.0,"turns":5.0},{"damage":4.0,"enemies":"3 Cultists","floor":31.0,"turns":4.0},{"damage":39.0,"enemies":"Champ","floor":33.0,"turns":8.0},{"damage":0.0,"enemies":"3 Shapes","floor":35.0,"turns":5.0},{"damage":23.0,"enemies":"2 Orb Walkers","floor":37.0,"turns":4.0},{"damage":28.0,"enemies":"Orb Walker","floor":38.0,"turns":6.0},{"damage":1.0,"enemies":"Spire Growth","floor":39.0,"turns":5.0},{"damage":9.0,"enemies":"Giant Head","floor":40.0,"turns":5.0},{"damage":9.0,"enemies":"Reptomancer","floor":42.0,"turns":4.0},{"damage":0,"enemies":"Giant Head","floor":45,"turns":5},{"damage":44,"enemies":"Jaw Worm Horde","floor":46,"turns":4},{"damage":16,"enemies":"Writhing Mass","floor":47,"turns":3},{"damage":33,"enemies":"Nemesis","floor":48,"turns":5},{"damage":23,"enemies":"Donu and Deca","floor":50,"turns":6},{"damage":98,"enemies":"Awakened One","floor":51,"turns":8},{"damage":0,"enemies":"Shield and Spear","floor":55,"turns":3},{"damage":58,"enemies":"The Heart","floor":56,"turns":8}],"seed_played":"-8832003913091510995","potions_obtained":[{"floor":2.0,"key":"Weak Potion"},{"floor":5.0,"key":"Block Potion"},{"floor":7.0,"key":"ColorlessPotion"},{"floor":13.0,"key":"SteroidPotion"},{"floor":14.0,"key":"FearPotion"},{"floor":20.0,"key":"Ancient Potion"},{"floor":24.0,"key":"BlessingOfTheForge"},{"floor":27.0,"key":"Ancient Potion"},{"floor":33.0,"key":"EssenceOfSteel"},{"floor":37.0,"key":"SneckoOil"},{"floor":45,"key":"Explosive Potion"},{"floor":48,"key":"ColorlessPotion"},{"floor":55,"key":"DuplicationPotion"}],"is_trial":false,"path_per_floor":["M","M","?","M","M","E","M","M","T","R","E","$","M","M","R","B",null,"M","$","M","M","?","R","E","R","T","E","?","R","M","M","R","B",null,"M","$","?","M","M","E","R","E","T","?","E","M","M","E","R","B","B",null,"R","$","E","B",null],"character_chosen":"IRONCLAD","basemod:card_modifiers":[null,null,null,null,null,null,null,null,null,null,null,null,null,null,null,null,null,null,null,null,null,null,null,null,null,null,null,null,null,null,null,null,null],"items_purchased":["ClockworkSouvenir","Sentinel","Dark Embrace+1","Dark Embrace+1","Exhume","Warcry"],"campfire_rested":3,"item_purchase_floors":[19,36,36,36,54,54],"current_hp_per_floor":[74,75,72,71,61,59,56,58,58,58,59,59,56,62,62,17,61,44,44,38,28,28,50,33,55,55,32,32,32,40,42,65,69,80,87,87,76,65,98,95,95,99,99,81,91,101,95,116,116,129,79,117,117,117,133,137],"gold":51,"neow_bonus":"ONE_RARE_RELIC","is_prod":false,"is_daily":false,"chose_seed":false,"campfire_upgraded":4,"win_rate":0,"timestamp":1726154880,"path_taken":["M","M","?","?","M","E","M","M","T","R","E","$","M","M","R","BOSS","M","$","M","M","?","R","E","R","T","E","?","R","?","M","R","BOSS","M","$","?","M","M","E","R","E","T","?","E","M","M","E","R","BOSS","BOSS","R","$","E","BOSS"],"build_version":"2022-12-18","purchased_purges":3,"victory":true,"max_hp_per_floor":[75,75,72,72,72,72,72,72,72,72,72,72,72,72,72,75,75,75,75,75,75,75,75,75,75,75,75,75,75,79,79,79,83,83,87,87,91,95,99,99,99,99,99,99,103,103,107,125,125,129,129,129,129,129,133,137],"relic_stats":{"Regal Pillow":0,"Happy Flower":[42],"counters":[33,154],"PreservedInsect":574,"The Courier":111,"Burning Blood":173,"White Beast Statue":[0.0,0.0,0.0,0.4,0.0,0.6000000000000001,0.0,0.0,0.0,0.0,0.0,0.4],"Nunchaku":[9],"Shovel":1,"Shuriken":[34],"Kunai":[14],"obtain_stats":[{"Regal Pillow":42,"Happy Flower":11,"Oddly Smooth Stone":24,"Mango":48,"PreservedInsect":9,"The Courier":27,"Frozen Egg 2":6,"Burning Blood":0,"White Beast Statue":53,"ClockworkSouvenir":19,"Runic Dome":17,"Nunchaku":40,"Shovel":37,"Shuriken":26,"Kunai":45,"Pocketwatch":0,"Runic Pyramid":34},{"Regal Pillow":25,"Happy Flower":8,"Oddly Smooth Stone":15,"Mango":29,"PreservedInsect":7,"The Courier":16,"Frozen Egg 2":5,"Burning Blood":0,"White Beast Statue":31,"ClockworkSouvenir":12,"Runic Dome":11,"Nunchaku":24,"Shovel":21,"Shuriken":15,"Kunai":26,"Pocketwatch":0,"Runic Pyramid":19},{"Regal Pillow":112,"Happy Flower":27,"Oddly Smooth Stone":62,"Mango":129,"PreservedInsect":23,"The Courier":66,"Frozen Egg 2":17,"Burning Blood":0,"White Beast Statue":143,"ClockworkSouvenir":47,"Runic Dome":43,"Nunchaku":108,"Shovel":92,"Shuriken":62,"Kunai":117,"Pocketwatch":0,"Runic Pyramid":83}],"Pocketwatch":[149]},"card_choices":[{"not_picked":["Iron Wave","Body Slam"],"picked":"Uppercut","floor":1.0},{"not_picked":["Warcry","True Grit"],"picked":"Shockwave","floor":2.0},{"not_picked":["Rupture","Clothesline"],"picked":"Reckless Charge","floor":4.0},{"not_picked":["Metallicize","Dropkick"],"picked":"Carnage","floor":5.0},{"not_picked":["Sword Boomerang","Demon Form+1"],"picked":"Corruption+1","floor":6.0},{"not_picked":["Twin Strike","Clash","Sword Boomerang"],"picked":"SKIP","floor":7.0},{"not_picked":["Warcry","Havoc","Clothesline"],"picked":"SKIP","floor":8.0},{"not_picked":["Whirlwind","Cleave","Havoc"],"picked":"SKIP","floor":11.0},{"not_picked":["Wild Strike","Body Slam","Warcry"],"picked":"SKIP","floor":13.0},{"not_picked":["Warcry","Iron Wave"],"picked":"Feed","floor":14.0},{"not_picked":["Bludgeon","Offering"],"picked":"Demon Form+1","floor":16.0},{"not_picked":["Hemokinesis","Perfected Strike"],"picked":"Battle Trance","floor":18.0},{"not_picked":["Headbutt","Armaments","Pommel Strike"],"picked":"SKIP","floor":20.0},{"not_picked":["Flex","Evolve+1"],"picked":"Reaper","floor":21.0},{"not_picked":["Evolve+1","Twin Strike+1","Rupture+1"],"picked":"SKIP","floor":24.0},{"not_picked":["Metallicize+1","Cleave","Headbutt"],"picked":"SKIP","floor":27.0},{"not_picked":["Armaments","Immolate","Intimidate"],"picked":"SKIP","floor":30.0},{"not_picked":["Sentinel","Battle Trance"],"picked":"Feel No Pain+1","floor":31.0},{"not_picked":["Juggernaut+1","Feed"],"picked":"Exhume","floor":33.0},{"not_picked":["Wild Strike","Pommel Strike","True Grit"],"picked":"SKIP","floor":35.0},{"not_picked":["Thunderclap","Burning Pact"],"picked":"Limit Break","floor":38.0},{"not_picked":["Heavy Blade","Iron Wave"],"picked":"Shrug It Off","floor":39.0},{"not_picked":["Sword Boomerang","Wild Strike+1"],"picked":"Shockwave","floor":40.0},{"not_picked":["Shockwave","Shrug It Off"],"picked":"Corruption+1","floor":42.0},{"not_picked":["Perfected Strike","Shockwave"],"picked":"Flame Barrier","floor":45},{"not_picked":["Iron Wave","Infernal Blade","Power Through"],"picked":"SKIP","floor":46},{"not_picked":["Intimidate","Headbutt"],"picked":"True Grit+1","floor":47},{"not_picked":["Armaments+1","Perfected Strike"],"picked":"Feel No Pain+1","floor":48},{"not_picked":["Intimidate","Immolate"],"picked":"Pommel Strike+1","floor":55}],"player_experience":852057,"relics_obtained":[{"floor":6.0,"key":"Frozen Egg 2"},{"floor":9.0,"key":"PreservedInsect"},{"floor":11.0,"key":"Happy Flower"},{"floor":24.0,"key":"Oddly Smooth Stone"},{"floor":26.0,"key":"Shuriken"},{"floor":27.0,"key":"The Courier"},{"floor":37.0,"key":"Shovel"},{"floor":40.0,"key":"Nunchaku"},{"floor":42.0,"key":"Regal Pillow"},{"floor":45,"key":"Kunai"},{"floor":48,"key":"Mango"},{"floor":53,"key":"White Beast Statue"}],"event_choices":[{"cards_removed":["Parasite"],"damage_healed":0.0,"max_hp_gain":0.0,"max_hp_loss":0.0,"gold_gain":0.0,"event_name":"Fountain of Cleansing","player_choice":"Removed Curses","floor":3.0,"gold_loss":0.0,"damage_taken":0.0},{"damage_healed":0.0,"max_hp_gain":0.0,"max_hp_loss":0.0,"gold_gain":0.0,"event_name":"Vampires","player_choice":"Ignored","floor":22.0,"gold_loss":0.0,"damage_taken":0.0},{"cards_removed":["Strike_R"],"damage_healed":0.0,"max_hp_gain":0.0,"max_hp_loss":0.0,"gold_gain":0.0,"event_name":"Back to Basics","player_choice":"Elegance","floor":28.0,"gold_loss":0.0,"damage_taken":0.0},{"damage_healed":0.0,"max_hp_gain":0.0,"max_hp_loss":0.0,"gold_gain":0.0,"event_name":"Mysterious Sphere","player_choice":"Fight","floor":37.0,"gold_loss":0.0,"damage_taken":0.0},{"damage_healed":0,"gold_gain":0,"player_choice":"Embrace Madness","damage_taken":18,"max_hp_gain":0,"max_hp_loss":0,"event_name":"Winding Halls","floor":44,"gold_loss":0,"cards_obtained":["Madness","Madness"]}],"is_beta":false,"boss_relics":[{"not_picked":["Black Star","Astrolabe"],"picked":"Runic Dome"},{"not_picked":["Empty Cage","Cursed Key"],"picked":"Runic Pyramid"}],"items_purged_floors":[12,19,54],"is_endless":false,"potions_floor_spawned":[2,5,6,7,13,14,20,24,27,33,37,45,47,48,55],"ascension_level":20}