{"gold_per_floor":[112,131,143,143,153,184,184,217,217,217,228,238,258,14,14,89,89,100,120,139,149,149],"floor_reached":22,"playtime":503,"items_purged":["Strike_R"],"score":504,"play_id":"036c0cb5-6e34-413a-b994-8c5704eab329","local_time":"20240925042507","is_ascension_mode":true,"campfire_choices":[{"data":"Carnage","floor":7,"key":"SMITH"},{"floor":10,"key":"REST"},{"data":"Pommel Strike","floor":15,"key":"SMITH"}],"neow_cost":"NONE","seed_source_timestamp":41672193456900,"circlet_count":0,"master_deck":["AscendersBane","Strike_R","Strike_R","Strike_R","Strike_R","Defend_R","Defend_R","Defend_R","Defend_R","Bash","Sword Boomerang","Carnage+1","Second Wind","Seeing Red","Offering","Corruption","Exhume","Pommel Strike+1","Offering","Shockwave","Fiend Fire","Shrug It Off"],"relics":["Burning Blood","NeowsBlessing","StrikeDummy","Boot","Ancient Tea Set","Sundial","Orrery","Philosopher\u0027s Stone"],"potions_floor_usage":[6,16,16,21],"damage_taken":[{"damage":0,"enemies":"Cultist","floor":1,"turns":1},{"damage":0,"enemies":"Small Slimes","floor":2,"turns":1},{"damage":0,"enemies":"2 Louse","floor":3,"turns":1},{"damage":11,"enemies":"Blue Slaver","floor":5,"turns":4},{"damage":25,"enemies":"Lagavulin","floor":6,"turns":4},{"damage":36,"enemies":"3 Sentries","floor":8,"turns":7},{"damage":6,"enemies":"3 Louse","floor":11,"turns":3},{"damage":6,"enemies":"Looter","floor":12,"turns":2},{"damage":9,"enemies":"Blue Slaver","floor":13,"turns":2},{"damage":12,"enemies":"Slime Boss","floor":16,"turns":4},{"damage":19,"enemies":"Spheric Guardian","floor":18,"turns":3},{"damage":23,"enemies":"3 Byrds","floor":19,"turns":4},{"damage":20,"enemies":"Snecko","floor":20,"turns":3},{"damage":17,"enemies":"Centurion and Healer","floor":21,"turns":4},{"damage":11,"enemies":"Sentry and Sphere","floor":22,"turns":3}],"seed_played":"3436389687272495113","potions_obtained":[{"floor":2,"key":"BlessingOfTheForge"},{"floor":5,"key":"AttackPotion"},{"floor":8,"key":"Strength Potion"},{"floor":16,"key":"Block Potion"}],"is_trial":false,"path_per_floor":["M","M","M","T","M","E","R","E","T","R","M","M","M","$","R","B",null,"M","M","M","M","M"],"character_chosen":"IRONCLAD","basemod:card_modifiers":[null,null,null,null,null,null,null,null,null,null,null,null,null,null,null,null,null,null,null,null,null,null],"items_purchased":["Orrery"],"campfire_rested":1,"item_purchase_floors":[14],"current_hp_per_floor":[74,75,75,75,70,51,51,21,21,43,43,43,40,40,40,34,65,52,35,21,10,0],"gold":149,"neow_bonus":"THREE_ENEMY_KILL","is_prod":false,"is_daily":false,"chose_seed":false,"campfire_upgraded":2,"win_rate":0,"timestamp":1727205907,"path_taken":["M","?","M","?","M","E","R","E","T","R","M","M","M","$","R","BOSS","M","M","M","M","M"],"build_version":"2022-12-18","purchased_purges":1,"victory":false,"max_hp_per_floor":[75,75,75,75,75,75,75,75,75,75,75,75,75,75,75,75,75,75,75,75,75,75],"relic_stats":{"counters":[15,46],"Sundial":[2],"Boot":[33],"Ancient Tea Set":[4],"obtain_stats":[{"NeowsBlessing":0,"Sundial":9,"Orrery":14,"Philosopher\u0027s Stone":17,"StrikeDummy":4,"Boot":6,"Ancient Tea Set":8,"Burning Blood":0},{"NeowsBlessing":0,"Sundial":6,"Orrery":9,"Philosopher\u0027s Stone":10,"StrikeDummy":3,"Boot":5,"Ancient Tea Set":6,"Burning Blood":0},{"NeowsBlessing":0,"Sundial":18,"Orrery":25,"Philosopher\u0027s Stone":29,"StrikeDummy":3,"Boot":11,"Ancient Tea Set":18,"Burning Blood":0}],"Burning Blood":73},"card_choices":[{"not_picked":["Perfected Strike","Cleave"],"picked":"Sword Boomerang","floor":1},{"not_picked":["Wild Strike","Cleave"],"picked":"Carnage","floor":2},{"not_picked":["Infernal Blade","Warcry"],"picked":"Second Wind","floor":3},{"not_picked":["True Grit","Entrench"],"picked":"Seeing Red","floor":5},{"not_picked":["Spot Weakness","Anger"],"picked":"Offering","floor":6},{"not_picked":["Heavy Blade","Wild Strike","Anger"],"picked":"SKIP","floor":8},{"not_picked":["Rage","True Grit"],"picked":"Corruption","floor":11},{"not_picked":["Headbutt","Ghostly Armor","Wild Strike"],"picked":"SKIP","floor":12},{"not_picked":["Headbutt","Thunderclap","Havoc"],"picked":"SKIP","floor":13},{"not_picked":["Combust","Armaments"],"picked":"Exhume","floor":14},{"not_picked":["Second Wind","Inflame"],"picked":"Pommel Strike","floor":14},{"not_picked":["Pommel Strike","Carnage"],"picked":"Offering","floor":14},{"not_picked":["Reckless Charge","Clash"],"picked":"Shockwave","floor":14},{"not_picked":["Brutality","Demon Form"],"picked":"Fiend Fire","floor":16},{"not_picked":["Clothesline","Sword Boomerang","Searing Blow"],"picked":"SKIP","floor":18},{"not_picked":["Infernal Blade","Armaments","Sword Boomerang"],"picked":"SKIP","floor":19},{"not_picked":["Carnage","Warcry","Havoc"],"picked":"SKIP","floor":20},{"not_picked":["Pummel+1","Ghostly Armor"],"picked":"Shrug It Off","floor":21}],"player_experience":860564,"relics_obtained":[{"floor":4,"key":"StrikeDummy"},{"floor":6,"key":"Boot"},{"floor":8,"key":"Ancient Tea Set"},{"floor":9,"key":"Sundial"}],"event_choices":[],"is_beta":false,"boss_relics":[{"not_picked":["Runic Cube","Sozu"],"picked":"Philosopher\u0027s Stone"}],"items_purged_floors":[14],"is_endless":false,"potions_floor_spawned":[2,5,8,11,13,16],"killed_by":"Sentry and Sphere","ascension_level":20}