{"gold_per_floor":[112,123,1,1,11,41,41,58,112,144,158,170,195,195,195,291,291,301,10,10,10,29,58,58,71,71,96,109,137,137,155,155,251,251,270,145,194,194,244,272,272,272,296,327,343,355,355,375,375,375,375,375,1,32,32],"floor_reached":56,"playtime":2132,"items_purged":["Strike_R","Strike_R","Pommel Strike+1"],"score":1437,"play_id":"1989c77d-ba04-491d-8b77-a9cda02d3919","local_time":"20240923201125","is_ascension_mode":true,"campfire_choices":[{"data":"Anger","floor":7.0,"key":"SMITH"},{"data":"Carnage","floor":15.0,"key":"SMITH"},{"data":"Demon Form","floor":30.0,"key":"SMITH"},{"data":"Evolve","floor":32.0,"key":"SMITH"},{"data":"1","floor":42.0,"key":"LIFT"},{"floor":49,"key":"RECALL"},{"data":"2","floor":52,"key":"LIFT"}],"neow_cost":"NONE","seed_source_timestamp":12214132435300,"circlet_count":0,"master_deck":["Defend_R","Defend_R","Defend_R","Defend_R","Bash","Twin Strike","Shrug It Off","Pommel Strike+1","Anger+1","Pommel Strike","Carnage+1","Reaper","Feed","Warcry+1","Apotheosis","Second Wind+1","Power Through","Demon Form+1","Evolve+1","Body Slam","Burning Pact+1","Dropkick+1","Flame Barrier+1","Power Through+1","Fiend Fire","Dark Embrace","Flame Barrier","True Grit"],"special_seed":0,"relics":["Burning Blood","Singing Bowl","Red Skull","Boot","Bird Faced Urn","Snecko Eye","Nilry\u0027s Codex","CaptainsWheel","Oddly Smooth Stone","Eternal Feather","Anchor","Sozu","StoneCalendar","Lizard Tail","Girya","The Courier","Membership Card","TungstenRod","Toy Ornithopter","Champion Belt"],"potions_floor_usage":[55,55],"damage_taken":[{"damage":1.0,"enemies":"Jaw Worm","floor":1.0,"turns":3.0},{"damage":1.0,"enemies":"Cultist","floor":2.0,"turns":3.0},{"damage":0.0,"enemies":"2 Louse","floor":5.0,"turns":2.0},{"damage":14.0,"enemies":"Gremlin Nob","floor":6.0,"turns":3.0},{"damage":0.0,"enemies":"Exordium Thugs","floor":8.0,"turns":3.0},{"damage":10.0,"enemies":"3 Sentries","floor":10.0,"turns":6.0},{"damage":0.0,"enemies":"Large Slime","floor":11.0,"turns":2.0},{"damage":2.0,"enemies":"3 Louse","floor":12.0,"turns":3.0},{"damage":10.0,"enemies":"Lagavulin","floor":13.0,"turns":4.0},{"damage":42.0,"enemies":"Slime Boss","floor":16.0,"turns":9.0},{"damage":10.0,"enemies":"2 Thieves","floor":18.0,"turns":3.0},{"damage":0.0,"enemies":"3 Byrds","floor":22.0,"turns":5.0},{"damage":13.0,"enemies":"Gremlin Leader","floor":23.0,"turns":8.0},{"damage":10.0,"enemies":"Snake Plant","floor":25.0,"turns":6.0},{"damage":14.0,"enemies":"Slavers","floor":27.0,"turns":7.0},{"damage":3.0,"enemies":"Snecko","floor":28.0,"turns":5.0},{"damage":54.0,"enemies":"Book of Stabbing","floor":29.0,"turns":10.0},{"damage":16.0,"enemies":"Centurion and Healer","floor":31.0,"turns":8.0},{"damage":39.0,"enemies":"Champ","floor":33.0,"turns":10.0},{"damage":0.0,"enemies":"3 Darklings","floor":35.0,"turns":11.0},{"damage":15.0,"enemies":"2 Orb Walkers","floor":37.0,"turns":5.0},{"damage":0.0,"enemies":"Mind Bloom Boss Battle","floor":39.0,"turns":8.0},{"damage":0.0,"enemies":"Nemesis","floor":40.0,"turns":5.0},{"damage":0,"enemies":"Giant Head","floor":44,"turns":5},{"damage":0,"enemies":"Orb Walker","floor":45,"turns":6},{"damage":0,"enemies":"4 Shapes","floor":46,"turns":4},{"damage":14,"enemies":"Spire Growth","floor":48,"turns":4},{"damage":55,"enemies":"Awakened One","floor":50,"turns":11},{"damage":17,"enemies":"Shield and Spear","floor":54,"turns":5},{"damage":40,"enemies":"The Heart","floor":55,"turns":9}],"seed_played":"2371937446556964916","potions_obtained":[{"floor":2.0,"key":"LiquidMemories"},{"floor":10.0,"key":"Regen Potion"},{"floor":11.0,"key":"SpeedPotion"},{"floor":12.0,"key":"DuplicationPotion"},{"floor":16.0,"key":"EntropicBrew"},{"floor":31.0,"key":"Block Potion"},{"floor":33.0,"key":"LiquidBronze"}],"is_trial":false,"path_per_floor":["M","M","$","?","M","E","R","M","T","E","M","M","E","?","R","B",null,"M","$","?","?","M","E","?","M","T","E","M","E","R","M","R","B",null,"M","$","?","?","?","E","?","R","T","E","M","M","?","M","R","B",null,"R","$","E","B",null],"character_chosen":"IRONCLAD","basemod:card_modifiers":[null,null,null,null,null,null,null,null,null,[{"classname":"CardAugments.cardmods.common.SlayerMod","priority":0}],[{"classname":"CardAugments.cardmods.rare.InvertedMod","toBlock":true,"priority":0}],[{"classname":"CardAugments.cardmods.rare.BerserkMod","vfxTimer":0.0,"priority":0}],null,null,null,null,[{"classname":"CardAugments.cardmods.event.AutoMod","priority":0}],null,null,null,null,[{"classname":"CardAugments.cardmods.common.SupplyMod","priority":0}],null,null,null,null,null,null],"items_purchased":["Anger","Apotheosis","Membership Card","Dark Embrace","TungstenRod","Toy Ornithopter","Flame Barrier","True Grit"],"campfire_rested":0,"item_purchase_floors":[3,19,53,53,53,53,53,53],"current_hp_per_floor":[80,80,80,80,80,74,74,80,80,78,84,86,82,82,82,67,86,89,89,73,73,89,91,91,87,87,96,101,60,69,105,105,78,111,115,115,110,110,115,115,115,115,115,119,123,127,122,120,129,124,133,133,133,126,139],"gold":32,"neow_bonus":"TRANSFORM_CARD","is_prod":false,"is_daily":false,"chose_seed":false,"campfire_upgraded":4,"win_rate":0,"timestamp":1727089885,"path_taken":["M","M","$","?","?","E","R","M","T","E","M","M","E","?","R","BOSS","M","$","?","?","?","E","?","M","T","E","M","E","R","M","R","BOSS","M","$","?","?","?","E","?","R","T","E","?","M","?","M","R","BOSS","R","$","E","BOSS"],"build_version":"2022-12-18","purchased_purges":3,"victory":true,"max_hp_per_floor":[80,80,80,80,80,82,82,82,82,84,84,86,86,86,86,86,86,89,89,89,89,89,91,91,91,91,97,101,105,105,105,105,111,111,115,115,119,113,115,115,115,115,115,119,123,127,127,129,129,133,133,133,133,135,139],"relic_stats":{"Girya":2,"Singing Bowl":18,"counters":[30,173],"Nilry\u0027s Codex":[2,18,19,74],"Eternal Feather":18,"StoneCalendar":[156],"The Courier":407,"Boot":[66],"Burning Blood":99,"Sozu":6,"Lizard Tail":0,"Bird Faced Urn":[29],"Snecko Eye":[342,296,296,308,-408],"Membership Card":407,"Champion Belt":[1],"obtain_stats":[{"Girya":40,"Singing Bowl":6,"Nilry\u0027s Codex":20,"Oddly Smooth Stone":26,"Eternal Feather":27,"StoneCalendar":37,"The Courier":44,"Boot":10,"Burning Blood":0,"Sozu":34,"CaptainsWheel":23,"Anchor":29,"Lizard Tail":39,"Bird Faced Urn":13,"Snecko Eye":17,"Membership Card":53,"Champion Belt":54,"Red Skull":9,"TungstenRod":53,"Toy Ornithopter":53},{"Girya":23,"Singing Bowl":4,"Nilry\u0027s Codex":11,"Oddly Smooth Stone":14,"Eternal Feather":15,"StoneCalendar":21,"The Courier":24,"Boot":6,"Burning Blood":0,"Sozu":19,"CaptainsWheel":13,"Anchor":17,"Lizard Tail":22,"Bird Faced Urn":9,"Snecko Eye":10,"Membership Card":28,"Champion Belt":29,"Red Skull":5,"TungstenRod":28,"Toy Ornithopter":28},{"Girya":129,"Singing Bowl":11,"Nilry\u0027s Codex":41,"Oddly Smooth Stone":60,"Eternal Feather":67,"StoneCalendar":116,"The Courier":134,"Boot":20,"Burning Blood":0,"Sozu":100,"CaptainsWheel":54,"Anchor":82,"Lizard Tail":124,"Bird Faced Urn":29,"Snecko Eye":38,"Membership Card":159,"Champion Belt":164,"Red Skull":14,"TungstenRod":159,"Toy Ornithopter":159}],"TungstenRod":14,"Toy Ornithopter":9},"card_choices":[{"not_picked":["Perfected Strike","Flex"],"picked":"Shrug It Off","floor":1.0},{"not_picked":["Havoc","Perfected Strike"],"picked":"Pommel Strike","floor":2.0},{"not_picked":["Clothesline","Iron Wave","Sever Soul"],"picked":"SKIP","floor":5.0},{"not_picked":["Warcry","Feel No Pain","Cleave"],"picked":"Singing Bowl","floor":6.0},{"not_picked":["Infernal Blade","Iron Wave"],"picked":"Pommel Strike","floor":8.0},{"not_picked":["Bludgeon","Warcry","Hemokinesis"],"picked":"Singing Bowl","floor":10.0},{"not_picked":["Seeing Red","Clash"],"picked":"Carnage","floor":11.0},{"not_picked":["Shockwave","Dropkick","Headbutt"],"picked":"Singing Bowl","floor":12.0},{"not_picked":["Clash","Flex"],"picked":"Reaper","floor":13.0},{"not_picked":["Impervious","Exhume"],"picked":"Feed","floor":16.0},{"not_picked":["Shrug It Off+1","Flame Barrier"],"picked":"Warcry+1","floor":18.0},{"not_picked":["Wild Strike","Clothesline"],"picked":"Second Wind+1","floor":22.0},{"not_picked":["Twin Strike+1","Warcry","Whirlwind"],"picked":"Singing Bowl","floor":23.0},{"not_picked":["Burning Pact","Entrench"],"picked":"Pommel Strike+1","floor":25.0},{"not_picked":["Warcry+1","Rupture","Wild Strike"],"picked":"Singing Bowl","floor":27.0},{"not_picked":["Anger","Sever Soul+1"],"picked":"Power Through","floor":28.0},{"not_picked":["Perfected Strike","Exhume"],"picked":"Demon Form","floor":29.0},{"not_picked":["Flex","Pummel+1"],"picked":"Evolve","floor":31.0},{"not_picked":["Exhume","Double Tap","Brutality"],"picked":"Singing Bowl","floor":33.0},{"not_picked":["Shrug It Off+1","Iron Wave"],"picked":"Body Slam","floor":35.0},{"not_picked":["Combust+1","Hemokinesis"],"picked":"Burning Pact+1","floor":37.0},{"not_picked":["Cleave+1","Twin Strike+1","Wild Strike+1"],"picked":"Singing Bowl","floor":39.0},{"not_picked":["Iron Wave+1","Thunderclap"],"picked":"Dropkick+1","floor":40.0},{"not_picked":["Blood for Blood","Wild Strike+1"],"picked":"Flame Barrier+1","floor":44},{"not_picked":["Anger+1","Pommel Strike"],"picked":"Power Through+1","floor":45},{"not_picked":["Heavy Blade","Clash+1"],"picked":"Fiend Fire","floor":46},{"not_picked":["Hemokinesis","Havoc","Wild Strike+1"],"picked":"Singing Bowl","floor":48},{"not_picked":["Wild Strike","Flame Barrier+1","Power Through"],"picked":"Singing Bowl","floor":54}],"player_experience":857295,"relics_obtained":[{"floor":6.0,"key":"Singing Bowl"},{"floor":9.0,"key":"Red Skull"},{"floor":10.0,"key":"Boot"},{"floor":13.0,"key":"Bird Faced Urn"},{"floor":20.0,"key":"Nilry\u0027s Codex"},{"floor":23.0,"key":"CaptainsWheel"},{"floor":26.0,"key":"Oddly Smooth Stone"},{"floor":27.0,"key":"Eternal Feather"},{"floor":29.0,"key":"Anchor"},{"floor":37.0,"key":"StoneCalendar"},{"floor":39.0,"key":"Lizard Tail"},{"floor":40.0,"key":"Girya"},{"floor":44,"key":"The Courier"},{"floor":54,"key":"Champion Belt"}],"event_choices":[{"damage_healed":0.0,"max_hp_gain":0.0,"max_hp_loss":0.0,"gold_gain":0.0,"event_name":"Accursed Blacksmith","player_choice":"Forge","floor":4.0,"gold_loss":0.0,"damage_taken":0.0,"cards_upgraded":["Pommel Strike"]},{"cards_removed":["Strike_R"],"damage_healed":0.0,"max_hp_gain":0.0,"max_hp_loss":0.0,"gold_gain":0.0,"event_name":"Living Wall","player_choice":"Forget","floor":14.0,"gold_loss":0.0,"damage_taken":0.0},{"damage_healed":0.0,"max_hp_gain":0.0,"max_hp_loss":0.0,"gold_gain":0.0,"event_name":"Cursed Tome","player_choice":"Obtained Book","floor":20.0,"gold_loss":0.0,"damage_taken":16.0},{"damage_healed":0.0,"max_hp_gain":0.0,"max_hp_loss":0.0,"gold_gain":0.0,"event_name":"The Library","player_choice":"Rewrite","floor":21.0,"gold_loss":0.0,"damage_taken":0.0,"cards_upgraded":["Carnage"]},{"cards_removed":["Strike_R"],"damage_healed":0.0,"max_hp_gain":0.0,"max_hp_loss":0.0,"gold_gain":0.0,"event_name":"Back to Basics","player_choice":"Elegance","floor":24.0,"gold_loss":0.0,"damage_taken":0.0},{"damage_healed":0.0,"max_hp_gain":0.0,"max_hp_loss":0.0,"gold_gain":0.0,"event_name":"Mysterious Sphere","player_choice":"Fight","floor":37.0,"gold_loss":0.0,"damage_taken":0.0},{"damage_healed":0.0,"max_hp_gain":0.0,"max_hp_loss":6.0,"gold_gain":0.0,"event_name":"Winding Halls","player_choice":"Max HP","floor":38.0,"gold_loss":0.0,"damage_taken":0.0},{"damage_healed":0.0,"max_hp_gain":0.0,"max_hp_loss":0.0,"gold_gain":0.0,"event_name":"MindBloom","player_choice":"Fight","floor":39.0,"gold_loss":0.0,"damage_taken":0.0},{"damage_healed":0.0,"max_hp_gain":0.0,"max_hp_loss":0.0,"gold_gain":0.0,"event_name":"Match and Keep!","player_choice":"0 cards matched","floor":41.0,"gold_loss":0.0,"damage_taken":0.0,"cards_obtained":[]},{"damage_healed":0,"gold_gain":0,"player_choice":"Reject","damage_taken":5,"max_hp_gain":0,"max_hp_loss":0,"event_name":"SensoryStone","floor":47,"gold_loss":0,"cards_upgraded":["Power Through"]}],"is_beta":false,"boss_relics":[{"not_picked":["Runic Cube","Astrolabe"],"picked":"Snecko Eye"},{"not_picked":["Black Blood","Runic Pyramid"],"picked":"Sozu"}],"items_purged_floors":[3,19,36],"is_endless":false,"potions_floor_spawned":[2,10,11,12,16,18,31,33,44,45,54],"ascension_level":1}