{"gold_per_floor":[112,187,187,202,202,222,222,253,253,253,253,124,124],"floor_reached":13,"playtime":300,"items_purged":["Strike_R"],"score":162,"play_id":"bf2d230d-e603-4af1-a26d-1eaa23fdb1d2","local_time":"20240925045417","is_ascension_mode":true,"campfire_choices":[{"floor":7,"key":"REST"},{"floor":11,"key":"REST"}],"neow_cost":"TEN_PERCENT_HP_LOSS","seed_source_timestamp":43625336697300,"circlet_count":0,"master_deck":["AscendersBane","Strike_R+1","Defend_R","Defend_R","Defend_R","Defend_R","Bash","Body Slam","Anger","Sword Boomerang+1","Cleave","Reaper"],"relics":["Burning Blood","Incense Burner","Magic Flower","Bag of Marbles"],"potions_floor_usage":[13],"damage_taken":[{"damage":4,"enemies":"Small Slimes","floor":1,"turns":4},{"damage":7,"enemies":"Jaw Worm","floor":4,"turns":3},{"damage":2,"enemies":"Cultist","floor":6,"turns":4},{"damage":51,"enemies":"Lagavulin","floor":8,"turns":9},{"damage":55,"enemies":"Gremlin Nob","floor":13,"turns":4}],"seed_played":"3266828688216810931","potions_obtained":[{"floor":8,"key":"Ancient Potion"}],"is_trial":false,"path_per_floor":["M","?","?","M","?","M","R","E","T","?","R","$","E"],"character_chosen":"IRONCLAD","basemod:card_modifiers":[null,null,null,null,null,null,null,null,null,null,null,null],"items_purchased":["BloodPotion"],"campfire_rested":2,"item_purchase_floors":[12],"current_hp_per_floor":[68,57,37,36,29,33,53,8,8,8,28,28,0],"gold":124,"neow_bonus":"TRANSFORM_TWO_CARDS","is_prod":false,"is_daily":false,"chose_seed":false,"campfire_upgraded":0,"win_rate":0,"timestamp":1727207657,"path_taken":["M","?","?","M","?","M","R","E","T","?","R","$","E"],"build_version":"2022-12-18","purchased_purges":1,"victory":false,"max_hp_per_floor":[68,68,68,68,68,68,68,68,68,68,68,68,68],"relic_stats":{"counters":[5,24],"Magic Flower":[7],"obtain_stats":[{"Magic Flower":9,"Incense Burner":8,"Bag of Marbles":10,"Burning Blood":0},{"Magic Flower":4,"Incense Burner":4,"Bag of Marbles":4,"Burning Blood":0},{"Magic Flower":20,"Incense Burner":20,"Bag of Marbles":20,"Burning Blood":0}],"Burning Blood":22},"card_choices":[{"not_picked":["Shrug It Off","Body Slam"],"picked":"Sword Boomerang","floor":1},{"not_picked":["Evolve","Anger"],"picked":"Cleave","floor":4},{"not_picked":["Havoc","Body Slam","Entrench"],"picked":"SKIP","floor":6},{"not_picked":["Havoc","Thunderclap"],"picked":"Reaper","floor":8}],"player_experience":862466,"relics_obtained":[{"floor":8,"key":"Incense Burner"},{"floor":9,"key":"Magic Flower"},{"floor":10,"key":"Bag of Marbles"}],"event_choices":[{"damage_healed":0,"gold_gain":75,"player_choice":"Gather Gold","damage_taken":11,"max_hp_gain":0,"max_hp_loss":0,"event_name":"World of Goop","floor":2,"gold_loss":0},{"damage_healed":0,"gold_gain":0,"player_choice":"Entered Light","damage_taken":20,"max_hp_gain":0,"max_hp_loss":0,"event_name":"Shining Light","floor":3,"gold_loss":0,"cards_upgraded":["Strike_R","Sword Boomerang"]},{"cards_removed":["Strike_R"],"damage_healed":0,"gold_gain":0,"player_choice":"Card Removal","damage_taken":7,"max_hp_gain":0,"max_hp_loss":0,"event_name":"Golden Wing","floor":5,"gold_loss":0},{"damage_healed":0,"gold_gain":0,"player_choice":"Relic","damage_taken":0,"max_hp_gain":0,"max_hp_loss":0,"event_name":"Wheel of Change","floor":10,"gold_loss":0}],"is_beta":false,"boss_relics":[],"items_purged_floors":[12],"is_endless":false,"potions_floor_spawned":[8],"killed_by":"Gremlin Nob","ascension_level":20}