{"gold_per_floor":[112,130,130,147,147,147,181,197,224,237,263,276,301,312,312,312],"floor_reached":16,"playtime":452,"items_purged":[],"score":248,"play_id":"c134809e-8ea4-4a4c-8312-233b35b8dd36","local_time":"20240923193512","is_ascension_mode":true,"campfire_choices":[{"data":"Deadly Poison","floor":6.0,"key":"SMITH"},{"floor":15.0,"key":"REST"}],"neow_cost":"PERCENT_DAMAGE","seed_source_timestamp":11683615796100,"circlet_count":0,"master_deck":["AscendersBane","Strike_G","Strike_G","Strike_G","Strike_G","Defend_G","Defend_G","Defend_G","Defend_G","Survivor","Neutralize","Bane+1","Deadly Poison+1","Reflex","Deflect","Dagger Throw","Tactician","Wraith Form v2"],"special_seed":0,"relics":["Ring of the Snake","Centennial Puzzle","Nunchaku","Boot","InkBottle"],"potions_floor_usage":[],"damage_taken":[{"damage":2.0,"enemies":"2 Louse","floor":1.0,"turns":3.0},{"damage":0.0,"enemies":"Cultist","floor":2.0,"turns":3.0},{"damage":11.0,"enemies":"Small Slimes","floor":4.0,"turns":4.0},{"damage":30.0,"enemies":"3 Sentries","floor":7.0,"turns":10.0},{"damage":3.0,"enemies":"Looter","floor":8.0,"turns":3.0},{"damage":1.0,"enemies":"2 Fungi Beasts","floor":10.0,"turns":4.0},{"damage":8.0,"enemies":"Gremlin Nob","floor":11.0,"turns":3.0},{"damage":3.0,"enemies":"Gremlin Gang","floor":12.0,"turns":4.0},{"damage":8.0,"enemies":"Lagavulin","floor":13.0,"turns":3.0},{"damage":3.0,"enemies":"3 Louse","floor":14.0,"turns":3.0},{"damage":28,"enemies":"Slime Boss","floor":16,"turns":6}],"seed_played":"757237312047063010","potions_obtained":[{"floor":1.0,"key":"Fire Potion"},{"floor":7.0,"key":"Fire Potion"},{"floor":11.0,"key":"EntropicBrew"},{"floor":12.0,"key":"SkillPotion"}],"is_trial":false,"path_per_floor":["M","M","?","M","?","R","E","M","T","M","E","M","E","M","R","B"],"character_chosen":"THE_SILENT","basemod:card_modifiers":[null,null,null,null,null,null,null,null,null,null,null,null,null,null,null,null,null,null],"items_purchased":[],"campfire_rested":1,"item_purchase_floors":[],"current_hp_per_floor":[42,42,76,65,65,65,35,32,32,31,23,20,12,9,31,3],"gold":312,"neow_bonus":"TRANSFORM_TWO_CARDS","is_prod":false,"is_daily":false,"chose_seed":false,"campfire_upgraded":1,"win_rate":0,"timestamp":1727087712,"path_taken":["M","M","?","?","?","R","E","M","T","M","E","?","E","M","R","BOSS"],"build_version":"2022-12-18","purchased_purges":0,"victory":false,"max_hp_per_floor":[66,66,76,76,76,76,76,76,76,76,76,76,76,76,76,76],"relic_stats":{"Centennial Puzzle":[21],"Nunchaku":[4],"counters":[11,46],"Boot":[8],"obtain_stats":[{"Centennial Puzzle":7,"Nunchaku":9,"Boot":11,"InkBottle":13,"Ring of the Snake":0},{"Centennial Puzzle":4,"Nunchaku":5,"Boot":7,"InkBottle":9,"Ring of the Snake":0},{"Centennial Puzzle":20,"Nunchaku":23,"Boot":30,"InkBottle":37,"Ring of the Snake":0}],"InkBottle":[3],"Ring of the Snake":[22]},"card_choices":[{"not_picked":["Setup","Endless Agony","Prepared"],"picked":"SKIP","floor":1.0},{"not_picked":["Slice","Prepared"],"picked":"Glass Knife","floor":2.0},{"not_picked":["Caltrops","Acrobatics"],"picked":"Reflex","floor":4.0},{"not_picked":["Outmaneuver","Footwork","Quick Slash"],"picked":"SKIP","floor":7.0},{"not_picked":["PiercingWail","Sucker Punch"],"picked":"Deflect","floor":8.0},{"not_picked":["Caltrops","Sucker Punch"],"picked":"Dagger Throw","floor":10.0},{"not_picked":["Footwork","Flying Knee"],"picked":"Tactician","floor":11.0},{"not_picked":["Noxious Fumes","Cloak And Dagger","Setup"],"picked":"SKIP","floor":12.0},{"not_picked":["Noxious Fumes","Cloak And Dagger","Setup"],"picked":"SKIP","floor":12.0},{"not_picked":["Cloak And Dagger","Masterful Stab","Slice"],"picked":"SKIP","floor":13.0},{"not_picked":["Skewer","Crippling Poison"],"picked":"Wraith Form v2","floor":14.0}],"player_experience":856843,"relics_obtained":[{"floor":7.0,"key":"Centennial Puzzle"},{"floor":9.0,"key":"Nunchaku"},{"floor":11.0,"key":"Boot"},{"floor":13.0,"key":"InkBottle"}],"event_choices":[{"cards_removed":["Glass Knife"],"damage_healed":24.0,"max_hp_gain":10.0,"max_hp_loss":0.0,"gold_gain":0.0,"event_name":"Bonfire Elementals","player_choice":"Offered Rare","floor":3.0,"gold_loss":0.0,"damage_taken":0.0},{"damage_healed":0.0,"max_hp_gain":0.0,"max_hp_loss":0.0,"gold_gain":0.0,"event_name":"Accursed Blacksmith","player_choice":"Forge","floor":5.0,"gold_loss":0.0,"damage_taken":0.0,"cards_upgraded":["Bane"]}],"is_beta":false,"boss_relics":[],"items_purged_floors":[],"is_endless":false,"potions_floor_spawned":[1,7,11,12],"killed_by":"Slime Boss","ascension_level":20}