{"gold_per_floor":[116,41,41,52,127,157,169,179,179,190,218,228,239,271,271,345,395,413,66,81,81,96,96,96],"floor_reached":24,"playtime":551,"items_purged":["Strike_R"],"score":590,"play_id":"5c9cda83-7aa2-458b-910c-3ff679cffcc9","local_time":"20240925043626","is_ascension_mode":true,"campfire_choices":[{"floor":15,"key":"REST"},{"floor":23,"key":"REST"}],"neow_cost":"NONE","seed_source_timestamp":42303542751400,"circlet_count":0,"master_deck":["AscendersBane","Strike_R","Strike_R","Strike_R","Defend_R","Defend_R","Defend_R","Defend_R","Bash","Sword Boomerang+1","Whirlwind+1","Shrug It Off","Body Slam+1","Pommel Strike+1","Reaper+1","Offering","Exhume","Disarm","Rage"],"relics":["Burning Blood","NeowsBlessing","Molten Egg 2","StrikeDummy","Pen Nib","Thread and Needle","Tiny House","Frozen Egg 2"],"potions_floor_usage":[11,14,16,24,24],"damage_taken":[{"damage":0,"enemies":"Jaw Worm","floor":1,"turns":1},{"damage":0,"enemies":"2 Louse","floor":4,"turns":1},{"damage":0,"enemies":"Gremlin Nob","floor":6,"turns":1},{"damage":1,"enemies":"Small Slimes","floor":7,"turns":4},{"damage":4,"enemies":"Exordium Thugs","floor":8,"turns":4},{"damage":8,"enemies":"Blue Slaver","floor":10,"turns":5},{"damage":18,"enemies":"3 Sentries","floor":11,"turns":6},{"damage":6,"enemies":"Looter","floor":12,"turns":3},{"damage":21,"enemies":"Exordium Wildlife","floor":13,"turns":5},{"damage":55,"enemies":"Gremlin Nob","floor":14,"turns":5},{"damage":6,"enemies":"Slime Boss","floor":16,"turns":5},{"damage":19,"enemies":"2 Thieves","floor":18,"turns":3},{"damage":23,"enemies":"Chosen","floor":20,"turns":6},{"damage":11,"enemies":"Centurion and Healer","floor":22,"turns":5},{"damage":61,"enemies":"Book of Stabbing","floor":24,"turns":6}],"seed_played":"-360509639566261596","potions_obtained":[{"floor":4,"key":"SkillPotion"},{"floor":6,"key":"Regen Potion"},{"floor":12,"key":"SteroidPotion"},{"floor":17,"key":"GamblersBrew"},{"floor":22,"key":"Block Potion"}],"is_trial":false,"path_per_floor":["M","?","?","M","?","E","M","M","T","M","E","M","M","E","R","B",null,"M","$","M","?","M","R","E"],"character_chosen":"IRONCLAD","basemod:card_modifiers":[null,null,null,null,null,null,null,null,null,null,null,null,null,null,null,null,null,null,null],"items_purchased":["Frozen Egg 2"],"campfire_rested":2,"item_purchase_floors":[19],"current_hp_per_floor":[74,74,74,75,64,70,75,75,75,73,61,61,51,21,43,43,72,59,59,42,42,37,61,0],"gold":96,"neow_bonus":"THREE_ENEMY_KILL","is_prod":false,"is_daily":false,"chose_seed":false,"campfire_upgraded":0,"win_rate":0,"timestamp":1727206586,"path_taken":["M","?","?","M","?","E","M","M","T","M","E","M","M","E","R","BOSS","M","$","M","?","M","R","E"],"build_version":"2022-12-18","purchased_purges":1,"victory":false,"max_hp_per_floor":[75,75,75,75,75,75,75,75,75,75,75,75,75,75,75,75,80,80,80,80,80,80,80,80],"relic_stats":{"counters":[15,60],"Pen Nib":[6],"obtain_stats":[{"Tiny House":17,"NeowsBlessing":0,"Molten Egg 2":6,"Thread and Needle":14,"Pen Nib":11,"Frozen Egg 2":19,"StrikeDummy":9,"Burning Blood":0},{"Tiny House":11,"NeowsBlessing":0,"Molten Egg 2":3,"Thread and Needle":10,"Pen Nib":7,"Frozen Egg 2":12,"StrikeDummy":5,"Burning Blood":0},{"Tiny House":40,"NeowsBlessing":0,"Molten Egg 2":3,"Thread and Needle":35,"Pen Nib":22,"Frozen Egg 2":43,"StrikeDummy":11,"Burning Blood":0}],"Burning Blood":77},"card_choices":[{"not_picked":["True Grit","Clash","Metallicize"],"picked":"SKIP","floor":1},{"not_picked":["Perfected Strike","Battle Trance"],"picked":"Sword Boomerang","floor":4},{"not_picked":["Headbutt+1","Thunderclap+1"],"picked":"Whirlwind+1","floor":6},{"not_picked":["Burning Pact","Flame Barrier"],"picked":"Shrug It Off","floor":7},{"not_picked":["Thunderclap+1","Combust","Twin Strike+1"],"picked":"SKIP","floor":8},{"not_picked":["Pummel+1","Clash+1"],"picked":"Body Slam+1","floor":10},{"not_picked":["Clothesline+1","Heavy Blade+1"],"picked":"Pommel Strike+1","floor":11},{"not_picked":["Heavy Blade+1","Armaments"],"picked":"Reaper+1","floor":12},{"not_picked":["Armaments","Headbutt+1","Heavy Blade+1"],"picked":"SKIP","floor":13},{"not_picked":["Battle Trance","Pommel Strike+1"],"picked":"Offering","floor":14},{"not_picked":["Berserk","Reaper+1"],"picked":"Exhume","floor":16},{"not_picked":["Shrug It Off","Dual Wield"],"picked":"Disarm","floor":17},{"not_picked":["Carnage+1","Heavy Blade+1","Armaments"],"picked":"SKIP","floor":18},{"not_picked":["Fire Breathing+1","Ghostly Armor"],"picked":"Rage","floor":20},{"not_picked":["Iron Wave+1","Reckless Charge+1","Clothesline+1"],"picked":"SKIP","floor":22}],"player_experience":861167,"relics_obtained":[{"floor":6,"key":"Molten Egg 2"},{"floor":9,"key":"StrikeDummy"},{"floor":11,"key":"Pen Nib"},{"floor":14,"key":"Thread and Needle"}],"event_choices":[{"cards_removed":["Strike_R"],"damage_healed":0,"gold_gain":0,"player_choice":"Card Removal","damage_taken":0,"max_hp_gain":0,"max_hp_loss":0,"event_name":"The Cleric","floor":2,"gold_loss":75},{"damage_healed":0,"gold_gain":0,"player_choice":"Ignored","damage_taken":0,"max_hp_gain":0,"max_hp_loss":0,"event_name":"Liars Game","floor":3,"gold_loss":0},{"damage_healed":0,"gold_gain":75,"player_choice":"Gather Gold","damage_taken":11,"max_hp_gain":0,"max_hp_loss":0,"event_name":"World of Goop","floor":5,"gold_loss":0}],"is_beta":false,"boss_relics":[{"not_picked":["Busted Crown","Ectoplasm"],"picked":"Tiny House"}],"items_purged_floors":[19],"is_endless":false,"potions_floor_spawned":[4,6,12,13,22],"killed_by":"Book of Stabbing","ascension_level":20}