{"gold_per_floor":[113,38,38,38,55,380,380,407,407,440,440,456,456,472,472,472],"floor_reached":16,"playtime":383,"items_purged":[],"score":286,"play_id":"d7f482b9-4ee3-41b8-8e29-5e832d7e3878","local_time":"20240928004751","is_ascension_mode":true,"campfire_choices":[{"data":"Rampage","floor":7.0,"key":"SMITH"},{"data":"Armaments","floor":13.0,"key":"SMITH"},{"data":"Bash","floor":15.0,"key":"SMITH"}],"neow_cost":"NONE","seed_source_timestamp":13697748376700,"circlet_count":0,"master_deck":["AscendersBane","Strike_R","Strike_R","Defend_R","Defend_R","Defend_R","Defend_R","Bash+1","Rampage+1","Burning Pact","Headbutt","Anger","Armaments+1","Second Wind"],"special_seed":0,"relics":["Burning Blood","NeowsBlessing","Old Coin","Pen Nib","Singing Bowl","Mummified Hand"],"potions_floor_usage":[16],"damage_taken":[{"damage":0.0,"enemies":"2 Louse","floor":1.0,"turns":1.0},{"damage":0.0,"enemies":"Jaw Worm","floor":5.0,"turns":1.0},{"damage":0.0,"enemies":"Lagavulin","floor":6.0,"turns":1.0},{"damage":45.0,"enemies":"3 Sentries","floor":8.0,"turns":10.0},{"damage":25.0,"enemies":"Lagavulin","floor":10.0,"turns":4.0},{"damage":6.0,"enemies":"Cultist","floor":12.0,"turns":3.0},{"damage":1.0,"enemies":"2 Fungi Beasts","floor":14.0,"turns":3.0},{"damage":24,"enemies":"Hexaghost","floor":16,"turns":9}],"seed_played":"5552443079249455210","potions_obtained":[{"floor":6.0,"key":"Strength Potion"},{"floor":8.0,"key":"DuplicationPotion"},{"floor":12.0,"key":"GamblersBrew"},{"floor":14.0,"key":"Ancient Potion"}],"is_trial":false,"path_per_floor":["M","?","$","?","M","E","R","E","T","E","?","M","R","M","R","B"],"character_chosen":"IRONCLAD","basemod:card_modifiers":[null,null,null,null,null,null,null,null,null,null,null,null,null,null],"items_purchased":[],"campfire_rested":0,"item_purchase_floors":[],"current_hp_per_floor":[74,74,74,67,73,75,75,36,36,19,19,19,19,24,24,0],"gold":472,"neow_bonus":"THREE_ENEMY_KILL","is_prod":false,"is_daily":false,"chose_seed":false,"campfire_upgraded":3,"win_rate":0,"timestamp":1727452071,"path_taken":["M","?","$","?","M","E","R","E","T","E","?","M","R","M","R","BOSS"],"build_version":"2022-12-18","purchased_purges":0,"victory":false,"max_hp_per_floor":[75,75,75,75,75,75,75,75,75,77,77,77,77,77,77,77],"relic_stats":{"Singing Bowl":2,"counters":[8,32],"Mummified Hand":[0],"Pen Nib":[3],"obtain_stats":[{"NeowsBlessing":0,"Singing Bowl":9,"Mummified Hand":10,"Pen Nib":8,"Burning Blood":0,"Old Coin":6},{"NeowsBlessing":0,"Singing Bowl":4,"Mummified Hand":5,"Pen Nib":4,"Burning Blood":0,"Old Coin":3},{"NeowsBlessing":0,"Singing Bowl":13,"Mummified Hand":17,"Pen Nib":13,"Burning Blood":0,"Old Coin":3}],"Burning Blood":38},"card_choices":[{"not_picked":["Clothesline","Armaments"],"picked":"Rampage","floor":1.0},{"not_picked":["Flex","Shrug It Off"],"picked":"Burning Pact","floor":5.0},{"not_picked":["Sword Boomerang","Rampage"],"picked":"Headbutt","floor":6.0},{"not_picked":["Seeing Red","Shrug It Off"],"picked":"Anger","floor":8.0},{"not_picked":["Dual Wield","Double Tap","Heavy Blade"],"picked":"Singing Bowl","floor":10.0},{"not_picked":["Warcry","Sentinel"],"picked":"Armaments","floor":12.0},{"not_picked":["Rampage","Shrug It Off"],"picked":"Second Wind","floor":14.0}],"player_experience":863139,"relics_obtained":[{"floor":6.0,"key":"Old Coin"},{"floor":8.0,"key":"Pen Nib"},{"floor":9.0,"key":"Singing Bowl"},{"floor":10.0,"key":"Mummified Hand"}],"event_choices":[{"cards_removed":["Strike_R"],"damage_healed":0.0,"max_hp_gain":0.0,"max_hp_loss":0.0,"gold_gain":0.0,"event_name":"The Cleric","player_choice":"Card Removal","floor":2.0,"gold_loss":75.0,"damage_taken":0.0},{"cards_removed":["Strike_R"],"damage_healed":0.0,"max_hp_gain":0.0,"max_hp_loss":0.0,"gold_gain":0.0,"event_name":"Golden Wing","player_choice":"Card Removal","floor":4.0,"gold_loss":0.0,"damage_taken":7.0},{"cards_removed":["Strike_R"],"damage_healed":0.0,"max_hp_gain":0.0,"max_hp_loss":0.0,"gold_gain":0.0,"event_name":"Living Wall","player_choice":"Forget","floor":11.0,"gold_loss":0.0,"damage_taken":0.0}],"is_beta":false,"boss_relics":[],"items_purged_floors":[],"is_endless":false,"potions_floor_spawned":[6,8,12,14],"killed_by":"Hexaghost","ascension_level":20}