{"gold_per_floor":[15,27,27,39,39,39,53,88,114,39,39,0,0,33,33,33],"floor_reached":16,"playtime":389,"items_purged":["Strike_R"],"score":216,"play_id":"b08f0414-3377-4882-803b-4554783ea4c1","local_time":"20240925044302","is_ascension_mode":true,"campfire_choices":[{"data":"Shockwave","floor":6,"key":"SMITH"},{"floor":13,"key":"REST"},{"data":"Feel No Pain","floor":15,"key":"SMITH"}],"neow_cost":"NO_GOLD","seed_source_timestamp":42860676176400,"circlet_count":0,"master_deck":["AscendersBane","Defend_R","Defend_R","Defend_R","Defend_R","Bash","Reaper","Feel No Pain+1","Clash","Shockwave+1","Flame Barrier","Bludgeon"],"relics":["Burning Blood","Golden Idol","Oddly Smooth Stone","Centennial Puzzle","Lantern"],"potions_floor_usage":[8,8,16],"damage_taken":[{"damage":14,"enemies":"Cultist","floor":1,"turns":5},{"damage":0,"enemies":"2 Louse","floor":2,"turns":3},{"damage":7,"enemies":"Small Slimes","floor":4,"turns":5},{"damage":24,"enemies":"3 Louse","floor":7,"turns":6},{"damage":39,"enemies":"Lagavulin","floor":8,"turns":11},{"damage":2,"enemies":"Looter","floor":12,"turns":5},{"damage":10,"enemies":"3 Sentries","floor":14,"turns":15},{"damage":42,"enemies":"Slime Boss","floor":16,"turns":6}],"seed_played":"-7203812815924493449","potions_obtained":[{"floor":2,"key":"PowerPotion"},{"floor":7,"key":"FearPotion"},{"floor":14,"key":"Fire Potion"}],"is_trial":false,"path_per_floor":["M","M","?","M","?","R","M","E","T","$","?","M","R","E","R","B"],"character_chosen":"IRONCLAD","basemod:card_modifiers":[null,null,null,null,null,null,null,null,null,null,null,null],"items_purchased":[],"campfire_rested":1,"item_purchase_floors":[],"current_hp_per_floor":[64,74,74,74,48,48,42,9,9,9,9,13,35,41,41,0],"gold":33,"neow_bonus":"TRANSFORM_TWO_CARDS","is_prod":false,"is_daily":false,"chose_seed":false,"campfire_upgraded":2,"win_rate":0,"timestamp":1727206982,"path_taken":["M","M","?","M","?","R","M","E","T","$","?","M","R","E","R","BOSS"],"build_version":"2022-12-18","purchased_purges":1,"victory":false,"max_hp_per_floor":[75,75,75,75,75,75,75,75,75,75,75,75,75,75,75,75],"relic_stats":{"Centennial Puzzle":[9],"counters":[8,56],"Golden Idol":17,"obtain_stats":[{"Centennial Puzzle":9,"Lantern":14,"Golden Idol":5,"Oddly Smooth Stone":8,"Burning Blood":0},{"Centennial Puzzle":5,"Lantern":7,"Golden Idol":3,"Oddly Smooth Stone":5,"Burning Blood":0},{"Centennial Puzzle":30,"Lantern":50,"Golden Idol":13,"Oddly Smooth Stone":30,"Burning Blood":0}],"Burning Blood":42},"card_choices":[{"not_picked":["Thunderclap","Rage"],"picked":"Clash","floor":1},{"not_picked":["Seeing Red","Flex"],"picked":"Shockwave","floor":2},{"not_picked":["Limit Break","Perfected Strike"],"picked":"Flame Barrier","floor":4},{"not_picked":["Searing Blow","Perfected Strike","Shrug It Off"],"picked":"SKIP","floor":7},{"not_picked":["Rage","Iron Wave","Armaments"],"picked":"SKIP","floor":8},{"not_picked":["Dark Embrace","Headbutt"],"picked":"Bludgeon","floor":12},{"not_picked":["Dual Wield","Spot Weakness","Thunderclap"],"picked":"SKIP","floor":14}],"player_experience":861718,"relics_obtained":[{"floor":8,"key":"Oddly Smooth Stone"},{"floor":9,"key":"Centennial Puzzle"},{"floor":14,"key":"Lantern"}],"event_choices":[{"cards_removed":["Strike_R"],"damage_healed":0,"gold_gain":0,"player_choice":"Forget","damage_taken":0,"max_hp_gain":0,"max_hp_loss":0,"event_name":"Living Wall","floor":3,"gold_loss":0},{"damage_healed":0,"gold_gain":0,"player_choice":"Take Damage","damage_taken":26,"relics_obtained":["Golden Idol"],"max_hp_gain":0,"max_hp_loss":0,"event_name":"Golden Idol","floor":5,"gold_loss":0},{"cards_removed":["Strike_R"],"damage_healed":0,"gold_gain":0,"player_choice":"Purged","damage_taken":0,"max_hp_gain":0,"max_hp_loss":0,"event_name":"Purifier","floor":11,"gold_loss":0}],"is_beta":false,"boss_relics":[],"items_purged_floors":[10],"is_endless":false,"potions_floor_spawned":[2,7,14],"killed_by":"Slime Boss","ascension_level":20}