{"gold_per_floor":[109,109,120,133,147,147,160,192,192,208,228,114,114,124,124,203,203,219,237,237,26,76,76],"floor_reached":23,"playtime":546,"items_purged":["Strike_R","Strike_R"],"score":390,"play_id":"a0ce42c1-03d3-470c-9d1b-0b9ebabc7a04","local_time":"20240925041636","is_ascension_mode":true,"campfire_choices":[{"data":"Blood for Blood","floor":6,"key":"SMITH"},{"floor":13,"key":"REST"},{"data":"Armaments","floor":15,"key":"SMITH"}],"neow_cost":"PERCENT_DAMAGE","seed_source_timestamp":41117857279200,"circlet_count":0,"master_deck":["AscendersBane","Strike_R","Defend_R","Defend_R","Defend_R","Defend_R","Bash","Anger","Pommel Strike","Blood for Blood+1","Armaments+1","Feed","Hemokinesis","Immolate","CurseOfTheBell","Impervious"],"relics":["Burning Blood","FossilizedHelix","Calipers","Shuriken","Calling Bell","Anchor","White Beast Statue","Turnip"],"potions_floor_usage":[16,18,18,19,23],"damage_taken":[{"damage":0,"enemies":"Jaw Worm","floor":1,"turns":4},{"damage":0,"enemies":"Cultist","floor":3,"turns":3},{"damage":0,"enemies":"2 Louse","floor":4,"turns":3},{"damage":6,"enemies":"2 Fungi Beasts","floor":5,"turns":4},{"damage":0,"enemies":"Exordium Wildlife","floor":7,"turns":3},{"damage":24,"enemies":"Gremlin Nob","floor":8,"turns":4},{"damage":30,"enemies":"Gremlin Gang","floor":10,"turns":4},{"damage":6,"enemies":"Looter","floor":11,"turns":3},{"damage":6,"enemies":"Red Slaver","floor":14,"turns":3},{"damage":55,"enemies":"Slime Boss","floor":16,"turns":14},{"damage":34,"enemies":"3 Byrds","floor":18,"turns":6},{"damage":26,"enemies":"2 Thieves","floor":19,"turns":5},{"damage":51,"enemies":"Book of Stabbing","floor":23,"turns":4}],"seed_played":"-869235292414211168","potions_obtained":[{"floor":7,"key":"Regen Potion"},{"floor":11,"key":"SpeedPotion"},{"floor":16,"key":"ColorlessPotion"},{"floor":18,"key":"LiquidMemories"},{"floor":19,"key":"FearPotion"}],"is_trial":false,"path_per_floor":["M","?","M","M","M","R","M","E","T","M","M","$","R","M","R","B",null,"M","M","?","$","?","E"],"character_chosen":"IRONCLAD","basemod:card_modifiers":[null,null,null,null,null,null,null,null,null,null,null,null,null,null,null,null],"items_purchased":["Hemokinesis","FairyPotion"],"campfire_rested":1,"item_purchase_floors":[12,21],"current_hp_per_floor":[56,56,62,68,68,68,74,56,56,32,32,32,54,54,54,23,64,39,22,22,22,22,0],"gold":76,"neow_bonus":"ONE_RARE_RELIC","is_prod":false,"is_daily":false,"chose_seed":false,"campfire_upgraded":2,"win_rate":0,"timestamp":1727205396,"path_taken":["M","?","M","M","M","R","M","E","T","M","M","?","R","?","R","BOSS","M","?","?","$","?","E"],"build_version":"2022-12-18","purchased_purges":2,"victory":false,"max_hp_per_floor":[75,75,75,75,75,75,75,75,75,75,75,75,75,75,75,78,78,81,84,84,84,84,84],"relic_stats":{"Calipers":[0],"counters":[13,60],"Shuriken":[9],"Turnip":[0],"obtain_stats":[{"Calling Bell":17,"Anchor":17,"Calipers":8,"Shuriken":9,"Turnip":17,"Burning Blood":0,"FossilizedHelix":0,"White Beast Statue":17},{"Calling Bell":10,"Anchor":10,"Calipers":6,"Shuriken":6,"Turnip":10,"Burning Blood":0,"FossilizedHelix":0,"White Beast Statue":10},{"Calling Bell":45,"Anchor":45,"Calipers":21,"Shuriken":21,"Turnip":45,"Burning Blood":0,"FossilizedHelix":0,"White Beast Statue":45}],"Burning Blood":72,"FossilizedHelix":[98],"White Beast Statue":[0.0,0.0,0.12000000000000002,0.0,0.5800000000000001,0.0,0.30000000000000004,0.0,0.0,0.0,0.0,0.8200000000000001]},"card_choices":[{"not_picked":["Shrug It Off","Clash"],"picked":"Anger","floor":1},{"not_picked":["Burning Pact","Headbutt"],"picked":"Pommel Strike","floor":3},{"not_picked":["Pommel Strike","Body Slam","Flex"],"picked":"SKIP","floor":4},{"not_picked":["Cleave","Clothesline"],"picked":"Blood for Blood","floor":5},{"not_picked":["Twin Strike","Iron Wave","Uppercut"],"picked":"SKIP","floor":7},{"not_picked":["Twin Strike","Body Slam","Whirlwind"],"picked":"SKIP","floor":8},{"not_picked":["Headbutt","Sword Boomerang"],"picked":"Armaments","floor":10},{"not_picked":["Rampage","Heavy Blade"],"picked":"Feed","floor":11},{"not_picked":["Combust","Dropkick","Rage"],"picked":"SKIP","floor":14},{"not_picked":["Feed","Corruption"],"picked":"Immolate","floor":16},{"not_picked":["Thunderclap","Havoc","Metallicize"],"picked":"SKIP","floor":18},{"not_picked":["Battle Trance","Clash+1"],"picked":"Impervious","floor":19}],"player_experience":860018,"relics_obtained":[{"floor":8,"key":"Calipers"},{"floor":9,"key":"Shuriken"},{"floor":17,"key":"Anchor"},{"floor":17,"key":"White Beast Statue"},{"floor":17,"key":"Turnip"}],"event_choices":[{"cards_removed":["Strike_R"],"damage_healed":0,"gold_gain":0,"player_choice":"Purged","damage_taken":0,"max_hp_gain":0,"max_hp_loss":0,"event_name":"Purifier","floor":2,"gold_loss":0},{"cards_removed":["Strike_R"],"damage_healed":0,"gold_gain":0,"player_choice":"Elegance","damage_taken":0,"max_hp_gain":0,"max_hp_loss":0,"event_name":"Back to Basics","floor":20,"gold_loss":0},{"damage_healed":0,"gold_gain":50,"player_choice":"Stole From Cult","damage_taken":0,"max_hp_gain":0,"max_hp_loss":0,"event_name":"Nest","floor":22,"gold_loss":0}],"is_beta":false,"boss_relics":[{"not_picked":["Tiny House","Sozu"],"picked":"Calling Bell"}],"items_purged_floors":[12,21],"is_endless":false,"potions_floor_spawned":[7,11,14,16,18,19],"killed_by":"Book of Stabbing","ascension_level":20}