{"gold_per_floor":[118,131,144,161,176,210,210,241,241,241,279,303,303,325,325,325],"floor_reached":16,"playtime":359,"items_purged":[],"score":244,"play_id":"7ac5180e-9d27-42d7-99ee-570dd3eaf816","local_time":"20240925044909","is_ascension_mode":true,"campfire_choices":[{"floor":7,"key":"REST"},{"floor":13,"key":"REST"},{"data":"Shrug It Off","floor":15,"key":"SMITH"}],"neow_cost":"TEN_PERCENT_HP_LOSS","seed_source_timestamp":43258287821100,"circlet_count":0,"master_deck":["AscendersBane","Strike_R","Strike_R","Strike_R","Strike_R","Strike_R","Defend_R","Defend_R","Defend_R","Defend_R","Bash","Fire Breathing","Evolve","Twin Strike","Pommel Strike","Shrug It Off+1"],"relics":["Burning Blood","Du-Vu Doll","Toy Ornithopter","CeramicFish","Red Skull","Golden Idol","Happy Flower","Bag of Preparation"],"potions_floor_usage":[11,16],"damage_taken":[{"damage":7,"enemies":"Jaw Worm","floor":1,"turns":5},{"damage":9,"enemies":"2 Louse","floor":2,"turns":2},{"damage":12,"enemies":"Small Slimes","floor":3,"turns":6},{"damage":37,"enemies":"Exordium Thugs","floor":4,"turns":6},{"damage":0,"enemies":"Large Slime","floor":5,"turns":4},{"damage":20,"enemies":"3 Sentries","floor":6,"turns":5},{"damage":32,"enemies":"Gremlin Nob","floor":8,"turns":4},{"damage":20,"enemies":"3 Sentries","floor":11,"turns":4},{"damage":1,"enemies":"2 Fungi Beasts","floor":14,"turns":4},{"damage":46,"enemies":"The Guardian","floor":16,"turns":16}],"seed_played":"4101728611534568959","potions_obtained":[{"floor":2,"key":"Energy Potion"},{"floor":3,"key":"Weak Potion"},{"floor":6,"key":"BloodPotion"}],"is_trial":false,"path_per_floor":["M","M","M","M","M","E","R","E","T","?","E","T","R","M","R","B"],"character_chosen":"IRONCLAD","basemod:card_modifiers":[null,null,null,null,null,null,null,null,null,null,null,null,null,null,null,null],"items_purchased":[],"campfire_rested":2,"item_purchase_floors":[],"current_hp_per_floor":[67,64,58,27,33,19,39,13,13,13,16,16,34,39,39,0],"gold":325,"neow_bonus":"ONE_RARE_RELIC","is_prod":false,"is_daily":false,"chose_seed":false,"campfire_upgraded":1,"win_rate":0,"timestamp":1727207349,"path_taken":["M","M","M","M","M","E","R","E","T","?","E","?","R","M","R","BOSS"],"build_version":"2022-12-18","purchased_purges":0,"victory":false,"max_hp_per_floor":[68,68,68,68,68,68,68,68,68,62,62,62,62,62,62,62],"relic_stats":{"Happy Flower":[6],"counters":[10,56],"Golden Idol":11,"CeramicFish":9,"Bag of Preparation":[4],"obtain_stats":[{"Du-Vu Doll":0,"Happy Flower":11,"Golden Idol":10,"CeramicFish":8,"Bag of Preparation":12,"Burning Blood":0,"Toy Ornithopter":6,"Red Skull":9},{"Du-Vu Doll":0,"Happy Flower":8,"Golden Idol":7,"CeramicFish":7,"Bag of Preparation":8,"Burning Blood":0,"Toy Ornithopter":6,"Red Skull":7},{"Du-Vu Doll":0,"Happy Flower":36,"Golden Idol":32,"CeramicFish":32,"Bag of Preparation":36,"Burning Blood":0,"Toy Ornithopter":28,"Red Skull":32}],"Burning Blood":54,"Toy Ornithopter":10},"card_choices":[{"not_picked":["Shrug It Off","Iron Wave"],"picked":"Fire Breathing","floor":1},{"not_picked":["Clash","Inflame"],"picked":"Evolve","floor":2},{"not_picked":["Havoc","Burning Pact"],"picked":"Twin Strike","floor":3},{"not_picked":["Sever Soul","Pummel"],"picked":"Pommel Strike","floor":4},{"not_picked":["Perfected Strike","Rage","Dual Wield"],"picked":"SKIP","floor":5},{"not_picked":["Juggernaut","Sever Soul","Fire Breathing"],"picked":"SKIP","floor":6},{"not_picked":["Twin Strike","Bloodletting","Sword Boomerang"],"picked":"SKIP","floor":8},{"not_picked":["Uppercut","True Grit","Spot Weakness"],"picked":"SKIP","floor":11},{"not_picked":["Shockwave","Burning Pact"],"picked":"Shrug It Off","floor":14}],"player_experience":862107,"relics_obtained":[{"floor":6,"key":"Toy Ornithopter"},{"floor":8,"key":"CeramicFish"},{"floor":9,"key":"Red Skull"},{"floor":11,"key":"Happy Flower"},{"floor":12,"key":"Bag of Preparation"}],"event_choices":[{"damage_healed":0,"gold_gain":0,"player_choice":"Lose Max HP","damage_taken":0,"relics_obtained":["Golden Idol"],"max_hp_gain":0,"max_hp_loss":6,"event_name":"Golden Idol","floor":10,"gold_loss":0}],"is_beta":false,"boss_relics":[],"items_purged_floors":[],"is_endless":false,"potions_floor_spawned":[2,3,6],"killed_by":"The Guardian","ascension_level":20}