{"gold_per_floor":[365,385,398,323,190,190,221,221,221,233,233,38,72,82,82,159,159,175,175,445,458,475,475,488,515,515,515,526,542,559,576,576,654,654,674,634,653,669,683,683],"floor_reached":40,"playtime":1218,"items_purged":["Strike_R"],"score":923,"play_id":"148fb789-13e0-4bbb-8d09-c6665a42c4c8","local_time":"20241012214501","is_ascension_mode":true,"campfire_choices":[{"data":"Anger","floor":6,"key":"SMITH"},{"floor":8,"key":"REST"},{"data":"Apotheosis","floor":15,"key":"SMITH"},{"floor":23,"key":"REST"},{"floor":27,"key":"REST"},{"floor":32,"key":"RECALL"}],"neow_cost":"TEN_PERCENT_HP_LOSS","seed_source_timestamp":8920769886700,"circlet_count":0,"master_deck":["AscendersBane","Strike_R","Strike_R","Defend_R","Defend_R","Defend_R","Defend_R","Bash","Clash","Anger+1","Cleave","Shrug It Off","Shrug It Off","Spot Weakness+1","Apotheosis+1","Corruption","Shockwave","Barricade","Second Wind","Power Through","Sentinel","Body Slam","Disarm","Entrench","Burning Pact","Feel No Pain"],"relics":["Burning Blood","Mercury Hourglass","Potion Belt","Eternal Feather","Fusion Hammer","Meat on the Bone","Bottled Tornado","Runic Dome"],"potions_floor_usage":[16,21,22,25,25,25,30,33,36,38,38,39],"damage_taken":[{"damage":29,"enemies":"Small Slimes","floor":1,"turns":6},{"damage":3,"enemies":"2 Louse","floor":2,"turns":3},{"damage":0,"enemies":"Cultist","floor":3,"turns":2},{"damage":32,"enemies":"Gremlin Nob","floor":7,"turns":4},{"damage":3,"enemies":"3 Louse","floor":10,"turns":3},{"damage":12,"enemies":"Lagavulin","floor":13,"turns":5},{"damage":3,"enemies":"Exordium Thugs","floor":14,"turns":4},{"damage":11,"enemies":"The Guardian","floor":16,"turns":13},{"damage":5,"enemies":"Spheric Guardian","floor":18,"turns":4},{"damage":8,"enemies":"2 Thieves","floor":21,"turns":4},{"damage":14,"enemies":"Shelled Parasite and Fungi","floor":22,"turns":4},{"damage":0,"enemies":"Snake Plant","floor":24,"turns":5},{"damage":46,"enemies":"Book of Stabbing","floor":25,"turns":8},{"damage":20,"enemies":"Centurion and Healer","floor":28,"turns":6},{"damage":3,"enemies":"3 Cultists","floor":29,"turns":4},{"damage":2,"enemies":"Cultist and Chosen","floor":30,"turns":6},{"damage":42,"enemies":"Shelled Parasite and Fungi","floor":31,"turns":6},{"damage":34,"enemies":"Automaton","floor":33,"turns":12},{"damage":49,"enemies":"3 Darklings","floor":35,"turns":7},{"damage":14,"enemies":"3 Shapes","floor":37,"turns":7},{"damage":13,"enemies":"Transient","floor":38,"turns":6},{"damage":44,"enemies":"Jaw Worm Horde","floor":39,"turns":6},{"damage":51,"enemies":"Reptomancer","floor":40,"turns":4}],"seed_played":"7801465139788704570","potions_obtained":[{"floor":7,"key":"Explosive Potion"},{"floor":10,"key":"SpeedPotion"},{"floor":14,"key":"FairyPotion"},{"floor":16,"key":"GamblersBrew"},{"floor":21,"key":"AttackPotion"},{"floor":24,"key":"EntropicBrew"},{"floor":28,"key":"SkillPotion"},{"floor":31,"key":"Regen Potion"},{"floor":36,"key":"DistilledChaos"},{"floor":36,"key":"Weak Potion"},{"floor":38,"key":"SkillPotion"}],"is_trial":false,"path_per_floor":["M","M","M","?","$","R","E","R","T","M","?","$","E","M","R","B",null,"M","?","?","M","M","R","M","E","T","R","M","M","M","M","R","B",null,"M","?","M","M","M","E"],"character_chosen":"IRONCLAD","basemod:card_modifiers":[null,null,null,null,null,null,null,null,null,null,null,null,null,null,null,null,null,null,null,null,null,null,null,null,null,null],"items_purchased":["Shrug It Off","Apotheosis"],"campfire_rested":3,"item_purchase_floors":[5,12],"current_hp_per_floor":[45,48,54,54,54,54,28,48,48,51,51,51,45,48,57,52,64,65,65,38,36,28,60,66,26,26,58,44,47,51,27,42,41,61,30,43,47,52,26,0],"gold":683,"neow_bonus":"TWO_FIFTY_GOLD","is_prod":false,"is_daily":false,"chose_seed":false,"campfire_upgraded":2,"win_rate":0,"timestamp":1728737101,"path_taken":["M","M","M","?","$","R","E","R","T","M","?","$","E","M","R","BOSS","M","?","?","M","M","R","M","E","T","R","?","M","M","M","R","BOSS","M","?","M","?","M","E"],"build_version":"2022-12-18","purchased_purges":1,"victory":false,"max_hp_per_floor":[68,68,68,68,68,68,68,68,68,68,68,68,68,68,68,68,68,68,68,68,68,68,68,68,68,68,68,68,68,68,68,68,68,68,68,68,68,68,68,68],"relic_stats":{"counters":[23,127],"Eternal Feather":48,"Bottled Tornado":"Barricade","obtain_stats":[{"Potion Belt":9,"Runic Dome":34,"Eternal Feather":13,"Fusion Hammer":17,"Bottled Tornado":26,"Burning Blood":0,"Mercury Hourglass":7,"Meat on the Bone":25},{"Potion Belt":4,"Runic Dome":18,"Eternal Feather":6,"Fusion Hammer":8,"Bottled Tornado":13,"Burning Blood":0,"Mercury Hourglass":4,"Meat on the Bone":13},{"Potion Belt":15,"Runic Dome":97,"Eternal Feather":22,"Fusion Hammer":39,"Bottled Tornado":63,"Burning Blood":0,"Mercury Hourglass":15,"Meat on the Bone":63}],"Burning Blood":132,"Mercury Hourglass":[428],"Meat on the Bone":72},"card_choices":[{"not_picked":["Wild Strike","Clothesline"],"picked":"Clash","floor":1},{"not_picked":["Clothesline","Twin Strike"],"picked":"Anger","floor":2},{"not_picked":["Sever Soul","Heavy Blade"],"picked":"Cleave","floor":3},{"not_picked":["Infernal Blade","Cleave"],"picked":"Shrug It Off","floor":7},{"not_picked":["Carnage","Clash"],"picked":"Spot Weakness","floor":10},{"not_picked":["Carnage","Bloodletting"],"picked":"Corruption","floor":13},{"not_picked":["Anger","Armaments"],"picked":"Shockwave","floor":14},{"not_picked":["Immolate","Corruption"],"picked":"Barricade","floor":16},{"not_picked":["Perfected Strike","Flex"],"picked":"Second Wind","floor":18},{"not_picked":["Heavy Blade","Clothesline","Armaments+1"],"picked":"SKIP","floor":21},{"not_picked":["Headbutt+1","Thunderclap"],"picked":"Power Through","floor":22},{"not_picked":["Anger","Headbutt"],"picked":"Sentinel","floor":24},{"not_picked":["True Grit","Rupture"],"picked":"Body Slam","floor":25},{"not_picked":["Sword Boomerang","Flex"],"picked":"Disarm","floor":28},{"not_picked":["Flex","Headbutt"],"picked":"Entrench","floor":29},{"not_picked":["Fiend Fire","True Grit","Reckless Charge"],"picked":"SKIP","floor":30},{"not_picked":["Heavy Blade","Thunderclap"],"picked":"Burning Pact","floor":31},{"not_picked":["Iron Wave","Disarm+1"],"picked":"Feel No Pain","floor":35},{"not_picked":["Armaments+1","Clothesline","Warcry"],"picked":"SKIP","floor":37},{"not_picked":["Carnage","Thunderclap","Reckless Charge+1"],"picked":"SKIP","floor":38},{"not_picked":["Uppercut","Shrug It Off","Cleave"],"picked":"SKIP","floor":39}],"player_experience":865294,"relics_obtained":[{"floor":7,"key":"Mercury Hourglass"},{"floor":9,"key":"Potion Belt"},{"floor":13,"key":"Eternal Feather"},{"floor":25,"key":"Meat on the Bone"},{"floor":26,"key":"Bottled Tornado"}],"event_choices":[{"cards_removed":["Strike_R"],"damage_healed":0,"gold_gain":0,"player_choice":"Card Removal","damage_taken":0,"max_hp_gain":0,"max_hp_loss":0,"event_name":"The Cleric","floor":4,"gold_loss":75},{"damage_healed":0,"gold_gain":0,"player_choice":"Upgraded","damage_taken":0,"max_hp_gain":0,"max_hp_loss":0,"event_name":"Upgrade Shrine","floor":11,"gold_loss":0,"cards_upgraded":["Spot Weakness"]},{"cards_removed":["Strike_R"],"damage_healed":0,"gold_gain":0,"player_choice":"Elegance","damage_taken":0,"max_hp_gain":0,"max_hp_loss":0,"event_name":"Back to Basics","floor":19,"gold_loss":0},{"damage_healed":0,"gold_gain":270,"player_choice":"GOLD GOLD GOLD ","damage_taken":27,"max_hp_gain":0,"max_hp_loss":0,"event_name":"Knowing Skull","floor":20,"potions_obtained":[],"gold_loss":0,"cards_obtained":[]},{"damage_healed":0,"gold_gain":0,"player_choice":"Bought 3 Potions","damage_taken":0,"max_hp_gain":0,"max_hp_loss":0,"event_name":"The Woman in Blue","floor":36,"gold_loss":0}],"is_beta":false,"boss_relics":[{"not_picked":["Tiny House","Busted Crown"],"picked":"Fusion Hammer"},{"not_picked":["Calling Bell","Empty Cage"],"picked":"Runic Dome"}],"items_purged_floors":[5],"is_endless":false,"potions_floor_spawned":[7,10,14,16,21,24,28,31,38],"killed_by":"Reptomancer","ascension_level":20}