{"gold_per_floor":[119,119,44,44,44,77,102,116,116,152,170,193,206,219,219,308,308,332,257,69,69,69,69],"floor_reached":23,"playtime":566,"items_purged":["Strike_R","Thunderclap"],"score":452,"play_id":"951837c8-79bf-49bd-8dec-ef5f81b00b46","local_time":"20241012212437","is_ascension_mode":true,"campfire_choices":[{"data":"Pommel Strike","floor":15.0,"key":"SMITH"}],"neow_cost":"NONE","seed_source_timestamp":8310453393600,"circlet_count":0,"master_deck":["AscendersBane","Defend_R","Defend_R","Defend_R","Defend_R+1","Bash","Heavy Blade+1","Second Wind","Pommel Strike+1","Reaper","Spot Weakness","Shrug It Off","Power Through","Anger","Exhume","Evolve","Feel No Pain","Disarm"],"special_seed":0,"relics":["Burning Blood","NeowsBlessing","Bloody Idol","Shuriken","Whetstone","Self Forming Clay","Empty Cage"],"potions_floor_usage":[],"damage_taken":[{"damage":0.0,"enemies":"Jaw Worm","floor":1.0,"turns":1.0},{"damage":0.0,"enemies":"3 Sentries","floor":6.0,"turns":2.0},{"damage":0.0,"enemies":"Small Slimes","floor":7.0,"turns":1.0},{"damage":0.0,"enemies":"2 Louse","floor":8.0,"turns":3.0},{"damage":21.0,"enemies":"Gremlin Nob","floor":10.0,"turns":4.0},{"damage":13.0,"enemies":"Blue Slaver","floor":11.0,"turns":5.0},{"damage":11.0,"enemies":"3 Louse","floor":12.0,"turns":3.0},{"damage":8.0,"enemies":"Large Slime","floor":13.0,"turns":6.0},{"damage":0.0,"enemies":"Looter","floor":14.0,"turns":3.0},{"damage":15.0,"enemies":"Slime Boss","floor":16.0,"turns":11.0},{"damage":22.0,"enemies":"Spheric Guardian","floor":18.0,"turns":5.0},{"damage":41,"enemies":"Gremlin Leader","floor":23,"turns":4}],"seed_played":"-1900516898974779191","potions_obtained":[{"floor":6.0,"key":"SkillPotion"},{"floor":8.0,"key":"BloodPotion"},{"floor":10.0,"key":"Explosive Potion"},{"floor":12.0,"key":"Fire Potion"},{"floor":14.0,"key":"SteroidPotion"},{"floor":18.0,"key":"SpeedPotion"}],"is_trial":false,"path_per_floor":["M","?","$","?","?","E","M","M","T","E","M","M","M","M","R","B",null,"M","?","$","?","?","E"],"character_chosen":"IRONCLAD","basemod:card_modifiers":[null,null,null,null,null,null,null,null,null,null,null,null,null,null,null,null,null,null],"items_purchased":["Feel No Pain"],"campfire_rested":0,"item_purchase_floors":[20],"current_hp_per_floor":[74,48,48,25,25,31,37,43,43,43,39,38,56,62,62,68,73,57,57,57,57,57,16],"gold":69,"neow_bonus":"THREE_ENEMY_KILL","is_prod":false,"is_daily":false,"chose_seed":false,"campfire_upgraded":1,"win_rate":0,"timestamp":1728735877,"path_taken":["M","?","$","?","?","E","M","M","T","E","M","M","M","M","R","BOSS","M","?","$","?","?","E"],"build_version":"2022-12-18","purchased_purges":2,"victory":false,"max_hp_per_floor":[75,75,75,75,75,75,75,75,75,75,75,75,75,75,75,75,75,75,75,75,75,75,75],"relic_stats":{"counters":[12,48],"Shuriken":[4],"Self Forming Clay":[39],"Bloody Idol":0,"Whetstone":["Strike_R","Heavy Blade"],"obtain_stats":[{"NeowsBlessing":0,"Golden Idol":2,"Shuriken":6,"Self Forming Clay":10,"Bloody Idol":21,"Whetstone":9,"Empty Cage":17,"Burning Blood":0},{"NeowsBlessing":0,"Golden Idol":1,"Shuriken":2,"Self Forming Clay":5,"Bloody Idol":11,"Whetstone":4,"Empty Cage":10,"Burning Blood":0},{"NeowsBlessing":0,"Golden Idol":1,"Shuriken":3,"Self Forming Clay":11,"Bloody Idol":44,"Whetstone":7,"Empty Cage":39,"Burning Blood":0}],"Burning Blood":66},"card_choices":[{"not_picked":["Flex","Body Slam"],"picked":"Thunderclap","floor":1.0},{"not_picked":["Sever Soul","Rupture"],"picked":"Heavy Blade","floor":6.0},{"not_picked":["Infernal Blade","Thunderclap"],"picked":"Second Wind","floor":7.0},{"not_picked":["Clothesline","True Grit"],"picked":"Pommel Strike","floor":8.0},{"not_picked":["Carnage","Perfected Strike"],"picked":"Reaper","floor":10.0},{"not_picked":["Clothesline","Rampage"],"picked":"Spot Weakness","floor":11.0},{"not_picked":["Perfected Strike","Sword Boomerang"],"picked":"Shrug It Off","floor":12.0},{"not_picked":["Shrug It Off","Shockwave"],"picked":"Power Through","floor":13.0},{"not_picked":["Body Slam","Cleave"],"picked":"Anger","floor":14.0},{"not_picked":["Demon Form","Juggernaut"],"picked":"Exhume","floor":16.0},{"not_picked":["Metallicize","Body Slam"],"picked":"Evolve","floor":18.0}],"player_experience":864728,"relics_obtained":[{"floor":6.0,"key":"Shuriken"},{"floor":9.0,"key":"Whetstone"},{"floor":10.0,"key":"Self Forming Clay"}],"event_choices":[{"damage_healed":0.0,"max_hp_gain":0.0,"max_hp_loss":0.0,"gold_gain":0.0,"event_name":"Golden Idol","player_choice":"Take Damage","floor":2.0,"gold_loss":0.0,"damage_taken":26.0,"relics_obtained":["Golden Idol"]},{"damage_healed":0.0,"max_hp_gain":0.0,"max_hp_loss":0.0,"gold_gain":0.0,"event_name":"Shining Light","player_choice":"Entered Light","floor":4.0,"gold_loss":0.0,"damage_taken":23.0,"cards_upgraded":["Strike_R","Defend_R"]},{"cards_removed":["Strike_R"],"damage_healed":0.0,"max_hp_gain":0.0,"max_hp_loss":0.0,"gold_gain":0.0,"event_name":"Living Wall","player_choice":"Forget","floor":5.0,"gold_loss":0.0,"damage_taken":0.0},{"cards_removed":["Strike_R"],"damage_healed":0.0,"max_hp_gain":0.0,"max_hp_loss":0.0,"gold_gain":0.0,"event_name":"Beggar","player_choice":"Gave Gold","floor":19.0,"gold_loss":75.0,"damage_taken":0.0},{"damage_healed":0.0,"max_hp_gain":0.0,"max_hp_loss":0.0,"gold_gain":0.0,"event_name":"Forgotten Altar","player_choice":"Gave Idol","floor":21.0,"relics_lost":["Golden Idol"],"gold_loss":0.0,"damage_taken":0.0,"relics_obtained":["Bloody Idol"]},{"damage_healed":0.0,"max_hp_gain":0.0,"max_hp_loss":0.0,"gold_gain":0.0,"event_name":"The Library","player_choice":"Read","floor":22.0,"gold_loss":0.0,"damage_taken":0.0,"cards_obtained":["Disarm"]}],"is_beta":false,"boss_relics":[{"not_picked":["Mark of Pain","SlaversCollar"],"picked":"Empty Cage"}],"items_purged_floors":[3,20],"is_endless":false,"potions_floor_spawned":[6,8,10,12,14,18],"killed_by":"Gremlin Leader","ascension_level":20}