{"gold_per_floor":[118,136,136,61,61,90,110,144,144,164,164,182,182,217,217,288,288,299,51,66,79,79],"floor_reached":22,"playtime":601,"items_purged":["Strike_R"],"score":462,"play_id":"dba341cc-7908-413b-b3f9-b0170f34bd3f","local_time":"20241016220228","is_ascension_mode":true,"campfire_choices":[{"data":"Armaments","floor":11,"key":"SMITH"},{"data":"Battle Trance","floor":15,"key":"SMITH"}],"neow_cost":"NONE","seed_source_timestamp":35889478579200,"circlet_count":0,"master_deck":["AscendersBane","Strike_R","Strike_R","Defend_R","Defend_R","Defend_R","Defend_R","Bash","Battle Trance+1","Anger","Cleave","Shrug It Off","Armaments+1","Headbutt","Second Wind+1","Shrug It Off"],"relics":["Burning Blood","NeowsBlessing","TungstenRod","Darkstone Periapt","Bottled Lightning","Pantograph","SlaversCollar","Bag of Marbles"],"potions_floor_usage":[14,14,16,22],"damage_taken":[{"damage":0,"enemies":"Jaw Worm","floor":1,"turns":1},{"damage":0,"enemies":"2 Louse","floor":2,"turns":1},{"damage":0,"enemies":"Gremlin Nob","floor":6,"turns":1},{"damage":0,"enemies":"Cultist","floor":7,"turns":3},{"damage":32,"enemies":"3 Sentries","floor":8,"turns":10},{"damage":5,"enemies":"Lots of Slimes","floor":10,"turns":3},{"damage":3,"enemies":"Looter","floor":12,"turns":4},{"damage":16,"enemies":"Gremlin Nob","floor":14,"turns":4},{"damage":11,"enemies":"Slime Boss","floor":16,"turns":11},{"damage":15,"enemies":"2 Thieves","floor":18,"turns":4},{"damage":10,"enemies":"Shell Parasite","floor":20,"turns":6},{"damage":16,"enemies":"Snake Plant","floor":21,"turns":6},{"damage":50,"enemies":"Cultist and Chosen","floor":22,"turns":7}],"seed_played":"-3402718634996131621","potions_obtained":[{"floor":2,"key":"Weak Potion"},{"floor":12,"key":"EssenceOfSteel"},{"floor":14,"key":"Weak Potion"},{"floor":16,"key":"HeartOfIron"},{"floor":20,"key":"Dexterity Potion"}],"is_trial":false,"path_per_floor":["M","M","?","?","?","E","M","E","T","M","R","M","?","E","R","B",null,"M","$","M","M","M"],"character_chosen":"IRONCLAD","basemod:card_modifiers":[null,null,null,null,null,null,null,null,null,null,null,null,null,null,null,null],"items_purchased":["Bag of Marbles"],"campfire_rested":0,"item_purchase_floors":[19],"current_hp_per_floor":[74,75,75,75,75,75,75,49,49,50,50,53,53,43,43,63,72,63,63,59,49,0],"gold":79,"neow_bonus":"THREE_ENEMY_KILL","is_prod":false,"is_daily":false,"chose_seed":false,"campfire_upgraded":2,"win_rate":0,"timestamp":1729083748,"path_taken":["M","M","?","?","?","E","M","E","T","M","R","M","?","E","R","BOSS","M","?","M","M","?"],"build_version":"2022-12-18","purchased_purges":1,"victory":false,"max_hp_per_floor":[75,75,75,75,75,75,75,75,75,75,75,75,75,75,75,75,75,75,75,75,75,75],"relic_stats":{"Darkstone Periapt":0,"counters":[13,61],"Pantograph":25,"Bottled Lightning":"Battle Trance","obtain_stats":[{"Darkstone Periapt":8,"SlaversCollar":17,"NeowsBlessing":0,"Pantograph":14,"Bag of Marbles":19,"Bottled Lightning":9,"Burning Blood":0,"TungstenRod":6},{"Darkstone Periapt":5,"SlaversCollar":9,"NeowsBlessing":0,"Pantograph":8,"Bag of Marbles":10,"Bottled Lightning":5,"Burning Blood":0,"TungstenRod":3},{"Darkstone Periapt":16,"SlaversCollar":38,"NeowsBlessing":0,"Pantograph":27,"Bag of Marbles":42,"Bottled Lightning":16,"Burning Blood":0,"TungstenRod":3}],"Burning Blood":55,"TungstenRod":31},"card_choices":[{"not_picked":["Iron Wave","Clothesline"],"picked":"Battle Trance","floor":1},{"not_picked":["Headbutt","Shrug It Off"],"picked":"Anger","floor":2},{"not_picked":["Clothesline","Searing Blow"],"picked":"Cleave","floor":6},{"not_picked":["Flex","Body Slam"],"picked":"Shrug It Off","floor":7},{"not_picked":["Havoc","Cleave","Heavy Blade"],"picked":"SKIP","floor":8},{"not_picked":["Bloodletting","Double Tap"],"picked":"Armaments","floor":10},{"not_picked":["Sentinel","Entrench"],"picked":"Headbutt","floor":12},{"not_picked":["True Grit","Headbutt","Anger"],"picked":"SKIP","floor":14},{"not_picked":["Clothesline","Anger","Thunderclap"],"picked":"SKIP","floor":18},{"not_picked":["Wild Strike","Perfected Strike"],"picked":"Second Wind+1","floor":20},{"not_picked":["Heavy Blade","Dropkick+1"],"picked":"Shrug It Off","floor":21}],"player_experience":866512,"relics_obtained":[{"floor":6,"key":"TungstenRod"},{"floor":8,"key":"Darkstone Periapt"},{"floor":9,"key":"Bottled Lightning"},{"floor":14,"key":"Pantograph"}],"event_choices":[{"damage_healed":0,"gold_gain":0,"player_choice":"Ignored","damage_taken":0,"max_hp_gain":0,"max_hp_loss":0,"event_name":"Liars Game","floor":3,"gold_loss":0},{"cards_removed":["Strike_R"],"damage_healed":0,"gold_gain":0,"player_choice":"Card Removal","damage_taken":0,"max_hp_gain":0,"max_hp_loss":0,"event_name":"The Cleric","floor":4,"gold_loss":75},{"cards_removed":["Strike_R"],"damage_healed":0,"gold_gain":0,"player_choice":"Forget","damage_taken":0,"max_hp_gain":0,"max_hp_loss":0,"event_name":"Living Wall","floor":5,"gold_loss":0},{"damage_healed":0,"gold_gain":0,"player_choice":"0 cards matched","damage_taken":0,"max_hp_gain":0,"max_hp_loss":0,"event_name":"Match and Keep!","floor":13,"gold_loss":0,"cards_obtained":[]}],"is_beta":false,"boss_relics":[{"not_picked":["Velvet Choker","Sozu"],"picked":"SlaversCollar"}],"items_purged_floors":[19],"is_endless":false,"potions_floor_spawned":[2,12,14,16,20],"killed_by":"Cultist and Chosen","ascension_level":20}