{"gold_per_floor":[117,117,137,158,181,181,181],"floor_reached":7,"playtime":212,"items_purged":[],"score":86,"play_id":"8b347a34-c8cb-416b-8bc1-c1f7021a8f60","local_time":"20241105221655","is_ascension_mode":true,"campfire_choices":[{"floor":6,"key":"REST"}],"neow_cost":"NONE","seed_source_timestamp":2748753885400,"circlet_count":0,"master_deck":["AscendersBane","Strike_G","Strike_G","Strike_G","Strike_G","Defend_G","Defend_G","Defend_G","Defend_G","Defend_G","Survivor","Neutralize","Blade Dance","Blade Dance","Calculated Gamble"],"relics":["Ring of the Snake","Golden Idol"],"potions_floor_usage":[5,7],"damage_taken":[{"damage":1,"enemies":"2 Louse","floor":1,"turns":4},{"damage":1,"enemies":"Small Slimes","floor":3,"turns":3},{"damage":0,"enemies":"Cultist","floor":4,"turns":3},{"damage":8,"enemies":"Exordium Thugs","floor":5,"turns":6},{"damage":58,"enemies":"Lagavulin","floor":7,"turns":9}],"seed_played":"7938671905062670718","potions_obtained":[{"floor":1,"key":"Regen Potion"},{"floor":4,"key":"ColorlessPotion"}],"is_trial":false,"path_per_floor":["M","?","M","M","M","R","E"],"character_chosen":"THE_SILENT","basemod:card_modifiers":[null,null,null,null,null,null,null,null,null,null,null,null,null,null,null],"items_purchased":[],"campfire_rested":1,"item_purchase_floors":[],"current_hp_per_floor":[58,35,34,34,26,45,2],"gold":181,"neow_bonus":"REMOVE_CARD","is_prod":false,"is_daily":false,"chose_seed":false,"campfire_upgraded":0,"win_rate":0,"timestamp":1730812615,"path_taken":["M","?","M","M","M","R","E"],"build_version":"2022-12-18","purchased_purges":0,"victory":false,"max_hp_per_floor":[66,66,66,66,66,66,66],"relic_stats":{"counters":[5,25],"Golden Idol":13,"obtain_stats":[{"Golden Idol":2,"Ring of the Snake":0},{"Golden Idol":1,"Ring of the Snake":0},{"Golden Idol":4,"Ring of the Snake":0}],"Ring of the Snake":[10]},"card_choices":[{"not_picked":["Heel Hook","Infinite Blades"],"picked":"Blade Dance","floor":1},{"not_picked":["Deflect","Dodge and Roll"],"picked":"Blade Dance","floor":3},{"not_picked":["PiercingWail","Heel Hook","Quick Slash"],"picked":"SKIP","floor":4},{"not_picked":["Distraction","Slice"],"picked":"Calculated Gamble","floor":5}],"player_experience":869601,"relics_obtained":[],"event_choices":[{"damage_healed":0,"gold_gain":0,"player_choice":"Take Damage","damage_taken":23,"relics_obtained":["Golden Idol"],"max_hp_gain":0,"max_hp_loss":0,"event_name":"Golden Idol","floor":2,"gold_loss":0}],"is_beta":false,"boss_relics":[],"items_purged_floors":[],"is_endless":false,"potions_floor_spawned":[1,4],"killed_by":"Lagavulin","ascension_level":20}