{"gold_per_floor":[118,118,193,31,31,31,71,71,97,97,138,163,88,113,113,204,204,229,279,65,65,90,125,145,145,193,207,207,225,225,256,256,256],"floor_reached":33,"playtime":799,"items_purged":["Strike_G"],"score":682,"play_id":"18340f2e-b821-4877-9b32-2edd63ae04d5","local_time":"20241105223035","is_ascension_mode":true,"campfire_choices":[{"data":"Footwork","floor":6.0,"key":"SMITH"},{"data":"Slice","floor":8.0,"key":"SMITH"},{"data":"Neutralize","floor":10.0,"key":"SMITH"},{"data":"Terror","floor":15.0,"key":"SMITH"},{"data":"Acrobatics","floor":25,"key":"SMITH"},{"data":"Phantasmal Killer","floor":28,"key":"SMITH"},{"data":"Acrobatics","floor":30,"key":"SMITH"},{"floor":32,"key":"REST"}],"neow_cost":"NONE","seed_source_timestamp":2967469707800,"circlet_count":0,"master_deck":["AscendersBane","Strike_G","Strike_G+1","Strike_G+1","Defend_G","Defend_G","Defend_G","Defend_G","Defend_G","Survivor","Neutralize+1","Slice+1","Footwork+1","PiercingWail","Terror+1","Underhanded Strike","Dagger Throw","Phantasmal Killer+1","Acrobatics+1","Prepared","Acrobatics+1","Eviscerate","Concentrate","Footwork"],"special_seed":0,"relics":["Ring of the Snake","NeowsBlessing","Golden Idol","Darkstone Periapt","Vajra","HornCleat","Runic Pyramid","Nloth\u0027s Gift","Calipers","Omamori","Smiling Mask"],"potions_floor_usage":[16,27,31,33],"damage_taken":[{"damage":0.0,"enemies":"Small Slimes","floor":1.0,"turns":1.0},{"damage":0.0,"enemies":"Gremlin Nob","floor":7.0,"turns":1.0},{"damage":0.0,"enemies":"3 Sentries","floor":11.0,"turns":2.0},{"damage":0.0,"enemies":"Jaw Worm","floor":12.0,"turns":4.0},{"damage":0.0,"enemies":"Cultist","floor":14.0,"turns":3.0},{"damage":2,"enemies":"Hexaghost","floor":16,"turns":11},{"damage":0,"enemies":"Chosen","floor":18,"turns":4},{"damage":0,"enemies":"Spheric Guardian","floor":22,"turns":3},{"damage":26,"enemies":"Book of Stabbing","floor":23,"turns":4},{"damage":0,"enemies":"Snake Plant","floor":24,"turns":3},{"damage":6,"enemies":"Shelled Parasite and Fungi","floor":27,"turns":5},{"damage":0,"enemies":"Centurion and Healer","floor":29,"turns":5},{"damage":2,"enemies":"Gremlin Leader","floor":31,"turns":6},{"damage":14,"enemies":"Automaton","floor":33,"turns":6}],"seed_played":"5955735414933688871","potions_obtained":[{"floor":7.0,"key":"ColorlessPotion"},{"floor":22,"key":"Explosive Potion"},{"floor":24,"key":"ColorlessPotion"},{"floor":31,"key":"Explosive Potion"}],"is_trial":false,"path_per_floor":["M","?","?","$","?","R","E","R","T","R","E","M","?","M","R","B",null,"M","?","$","?","M","E","M","R","T","M","R","M","R","E","R","B"],"character_chosen":"THE_SILENT","basemod:card_modifiers":[null,null,null,null,null,null,null,null,null,null,null,null,null,null,null,null,null,null,null,null,null,null,null,null],"items_purchased":["Footwork","Orrery","Concentrate"],"campfire_rested":1,"item_purchase_floors":[4,20,20],"current_hp_per_floor":[59,39,28,28,28,28,28,28,28,28,28,28,28,28,28,26,52,52,52,52,52,52,26,26,26,26,20,20,20,20,18,36,22],"gold":256,"neow_bonus":"THREE_ENEMY_KILL","is_prod":false,"is_daily":false,"chose_seed":false,"campfire_upgraded":7,"win_rate":0,"timestamp":1730813435,"path_taken":["M","?","?","?","?","R","E","R","T","R","E","M","?","M","R","BOSS","M","?","$","?","M","E","M","R","T","?","R","M","R","E","R","BOSS"],"build_version":"2022-12-18","purchased_purges":1,"victory":false,"max_hp_per_floor":[66,66,66,66,60,60,60,60,60,60,60,60,60,60,60,60,60,60,60,60,60,60,60,60,60,60,60,60,60,60,60,60,60],"relic_stats":{"Darkstone Periapt":0,"Calipers":[0],"counters":[14,58],"Golden Idol":78,"Nloth\u0027s Gift":3,"Omamori":0,"Smiling Mask":0,"obtain_stats":[{"Darkstone Periapt":7,"HornCleat":11,"Calipers":23,"NeowsBlessing":0,"Golden Idol":5,"Vajra":9,"Orrery":20,"Nloth\u0027s Gift":21,"Omamori":26,"Smiling Mask":31,"Ring of the Snake":0,"Runic Pyramid":17},{"Darkstone Periapt":2,"HornCleat":3,"Calipers":9,"NeowsBlessing":0,"Golden Idol":1,"Vajra":2,"Orrery":7,"Nloth\u0027s Gift":7,"Omamori":10,"Smiling Mask":13,"Ring of the Snake":0,"Runic Pyramid":6},{"Darkstone Periapt":2,"HornCleat":4,"Calipers":33,"NeowsBlessing":0,"Golden Idol":1,"Vajra":2,"Orrery":26,"Nloth\u0027s Gift":26,"Omamori":36,"Smiling Mask":52,"Ring of the Snake":0,"Runic Pyramid":22}],"Ring of the Snake":[28]},"card_choices":[{"not_picked":["Deflect","Expertise"],"picked":"Slice","floor":1.0},{"not_picked":["Distraction","Night Terror"],"picked":"PiercingWail","floor":7.0},{"not_picked":["Phantasmal Killer","All Out Attack"],"picked":"Terror","floor":11.0},{"not_picked":["Prepared","Footwork"],"picked":"Underhanded Strike","floor":12.0},{"not_picked":["Well Laid Plans","Prepared"],"picked":"Dagger Throw","floor":14.0},{"not_picked":["Burst","Grand Finale"],"picked":"Phantasmal Killer","floor":16},{"not_picked":["Backstab","Footwork","Quick Slash"],"picked":"SKIP","floor":18},{"not_picked":["Quick Slash","Infinite Blades"],"picked":"Acrobatics","floor":20},{"not_picked":["Caltrops","Crippling Poison+1"],"picked":"Prepared","floor":20},{"not_picked":["Flechettes","Leg Sweep"],"picked":"Acrobatics","floor":20},{"not_picked":["Backstab","Night Terror"],"picked":"Eviscerate","floor":20},{"not_picked":["Acrobatics","Cloak And Dagger"],"picked":"Footwork","floor":22},{"not_picked":["Riddle With Holes+1","Cloak And Dagger","Night Terror"],"picked":"SKIP","floor":23},{"not_picked":["Poisoned Stab","Phantasmal Killer","Endless Agony"],"picked":"SKIP","floor":24},{"not_picked":["Cloak And Dagger","Sucker Punch","Dodge and Roll"],"picked":"SKIP","floor":27},{"not_picked":["Blade Dance","Deadly Poison","Blur"],"picked":"SKIP","floor":29},{"not_picked":["Flying Knee","Doppelganger","Endless Agony"],"picked":"SKIP","floor":31}],"player_experience":869813,"relics_obtained":[{"floor":7.0,"key":"Darkstone Periapt"},{"floor":9.0,"key":"Vajra"},{"floor":11.0,"key":"HornCleat"},{"floor":23,"key":"Calipers"},{"floor":26,"key":"Omamori"},{"floor":31,"key":"Smiling Mask"}],"event_choices":[{"damage_healed":0.0,"max_hp_gain":0.0,"max_hp_loss":0.0,"gold_gain":0.0,"event_name":"Shining Light","player_choice":"Entered Light","floor":2.0,"gold_loss":0.0,"damage_taken":20.0,"cards_upgraded":["Strike_G","Strike_G"]},{"damage_healed":0.0,"max_hp_gain":0.0,"max_hp_loss":0.0,"gold_gain":75.0,"event_name":"World of Goop","player_choice":"Gather Gold","floor":3.0,"gold_loss":0.0,"damage_taken":11.0},{"damage_healed":0.0,"max_hp_gain":0.0,"max_hp_loss":6.0,"gold_gain":0.0,"event_name":"Golden Idol","player_choice":"Lose Max HP","floor":5.0,"gold_loss":0.0,"damage_taken":0.0,"relics_obtained":["Golden Idol"]},{"cards_removed":["Strike_G"],"damage_healed":0.0,"max_hp_gain":0.0,"max_hp_loss":0.0,"gold_gain":0.0,"event_name":"The Cleric","player_choice":"Card Removal","floor":13.0,"gold_loss":75.0,"damage_taken":0.0},{"damage_healed":0,"gold_gain":50,"player_choice":"Stole From Cult","damage_taken":0,"max_hp_gain":0,"max_hp_loss":0,"event_name":"Nest","floor":19,"gold_loss":0},{"damage_healed":0,"gold_gain":0,"player_choice":"Traded Relic","damage_taken":0,"relics_obtained":["Nloth\u0027s Gift"],"max_hp_gain":0,"max_hp_loss":0,"event_name":"N\u0027loth","floor":21,"relics_lost":["Orrery"],"gold_loss":0}],"is_beta":false,"boss_relics":[{"not_picked":["Astrolabe","Velvet Choker"],"picked":"Runic Pyramid"}],"items_purged_floors":[4],"is_endless":false,"potions_floor_spawned":[7,22,24,31],"killed_by":"Automaton","ascension_level":20}