{"gold_per_floor":[113,131,131,142,142,174,187,187,187,227,227,252,252,132,132,214,214,227,236,248,0,0,0,23,23,23,38,38],"floor_reached":28,"playtime":572,"items_purged":["Strike_R"],"score":496,"play_id":"cdf1ba4d-bde1-42af-944d-9b408b5ba31a","local_time":"20241102003325","is_ascension_mode":true,"campfire_choices":[{"data":"Whirlwind","floor":8.0,"key":"SMITH"},{"data":"Demon Form","floor":15,"key":"SMITH"},{"floor":25,"key":"REST"}],"neow_cost":"NONE","seed_source_timestamp":3507555773700,"circlet_count":0,"master_deck":["AscendersBane","Strike_R","Defend_R","Defend_R","Defend_R","Defend_R","Bash","Armaments","Whirlwind+1","Shrug It Off","Demon Form+1","Dark Embrace","Heavy Blade","Pummel","Offering","Necronomicurse","Feel No Pain+1"],"special_seed":0,"relics":["Burning Blood","NeowsBlessing","CeramicFish","The Courier","StrikeDummy","Fusion Hammer","Necronomicon","Frozen Egg 2"],"potions_floor_usage":[16,23],"damage_taken":[{"damage":0.0,"enemies":"2 Louse","floor":1.0,"turns":1.0},{"damage":0.0,"enemies":"Cultist","floor":2.0,"turns":1.0},{"damage":0.0,"enemies":"Jaw Worm","floor":4.0,"turns":1.0},{"damage":7.0,"enemies":"3 Sentries","floor":6.0,"turns":4.0},{"damage":15.0,"enemies":"Large Slime","floor":7.0,"turns":4.0},{"damage":19.0,"enemies":"Lagavulin","floor":10.0,"turns":7.0},{"damage":11,"enemies":"Blue Slaver","floor":12,"turns":9},{"damage":12,"enemies":"Hexaghost","floor":16,"turns":8},{"damage":23,"enemies":"2 Thieves","floor":18,"turns":3},{"damage":22,"enemies":"Spheric Guardian","floor":20,"turns":4},{"damage":0,"enemies":"Slavers","floor":23,"turns":1},{"damage":6,"enemies":"Snecko","floor":24,"turns":4},{"damage":28,"enemies":"Snake Plant","floor":27,"turns":5},{"damage":14,"enemies":"Book of Stabbing","floor":28,"turns":2}],"seed_played":"-2418725622839902471","potions_obtained":[{"floor":1.0,"key":"AttackPotion"},{"floor":6.0,"key":"LiquidBronze"},{"floor":12,"key":"SmokeBomb"},{"floor":18,"key":"Ancient Potion"}],"is_trial":false,"path_per_floor":["M","M","?","M","?","E","M","R","T","E","?","M","?","$","R","B",null,"M","?","M","?","?","E","M","R","T","M","E"],"character_chosen":"IRONCLAD","basemod:card_modifiers":[null,null,null,null,null,null,null,null,null,null,null,null,null,null,null,null,null],"items_purchased":["Pummel"],"campfire_rested":1,"item_purchase_floors":[14],"current_hp_per_floor":[74,75,75,75,75,74,65,65,65,52,52,47,36,36,36,30,64,47,26,10,10,10,16,16,38,38,16,2],"gold":38,"neow_bonus":"THREE_ENEMY_KILL","is_prod":false,"is_daily":false,"chose_seed":false,"campfire_upgraded":2,"win_rate":0,"timestamp":1730475205,"path_taken":["M","M","?","M","?","E","?","R","T","E","?","M","?","$","R","BOSS","M","?","M","?","?","E","M","R","T","?","E"],"build_version":"2022-12-18","purchased_purges":1,"victory":false,"max_hp_per_floor":[75,75,75,75,75,75,75,75,75,75,75,75,75,75,75,75,75,75,75,75,75,75,75,75,75,75,75,75],"relic_stats":{"counters":[14,54],"CeramicFish":54,"The Courier":32,"Necronomicon":[6],"obtain_stats":[{"NeowsBlessing":0,"CeramicFish":6,"The Courier":10,"Fusion Hammer":17,"Necronomicon":19,"Frozen Egg 2":26,"StrikeDummy":13,"Burning Blood":0},{"NeowsBlessing":0,"CeramicFish":4,"The Courier":6,"Fusion Hammer":8,"Necronomicon":9,"Frozen Egg 2":12,"StrikeDummy":7,"Burning Blood":0},{"NeowsBlessing":0,"CeramicFish":7,"The Courier":18,"Fusion Hammer":35,"Necronomicon":38,"Frozen Egg 2":47,"StrikeDummy":27,"Burning Blood":0}],"Burning Blood":67},"card_choices":[{"not_picked":["Warcry","Clothesline"],"picked":"Armaments","floor":1.0},{"not_picked":["Combust","Perfected Strike"],"picked":"Whirlwind","floor":2.0},{"not_picked":["Wild Strike","Clash"],"picked":"Shrug It Off","floor":4.0},{"not_picked":["Armaments","Cleave","Exhume"],"picked":"SKIP","floor":6.0},{"not_picked":["Entrench","Warcry","Pommel Strike"],"picked":"SKIP","floor":7.0},{"not_picked":["Headbutt","Ghostly Armor"],"picked":"Dark Embrace","floor":10.0},{"not_picked":["Twin Strike","Havoc"],"picked":"Heavy Blade","floor":12},{"not_picked":["Double Tap","Juggernaut"],"picked":"Offering","floor":16},{"not_picked":["Heavy Blade+1","Fire Breathing","Flex"],"picked":"SKIP","floor":18},{"not_picked":["Inflame","Searing Blow","Body Slam"],"picked":"SKIP","floor":20},{"not_picked":["Sword Boomerang","Thunderclap"],"picked":"Feel No Pain+1","floor":24},{"not_picked":["Armaments","Twin Strike","Sword Boomerang"],"picked":"SKIP","floor":27}],"player_experience":867113,"relics_obtained":[{"floor":6.0,"key":"CeramicFish"},{"floor":10.0,"key":"The Courier"},{"floor":19,"key":"Necronomicon"},{"floor":26,"key":"Frozen Egg 2"}],"event_choices":[{"cards_removed":["Strike_R"],"damage_healed":0.0,"max_hp_gain":0.0,"max_hp_loss":0.0,"gold_gain":0.0,"event_name":"Living Wall","player_choice":"Forget","floor":3.0,"gold_loss":0.0,"damage_taken":0.0},{"damage_healed":0.0,"max_hp_gain":0.0,"max_hp_loss":0.0,"gold_gain":0.0,"cards_transformed":["Strike_R"],"event_name":"Transmorgrifier","player_choice":"Transformed","floor":5.0,"gold_loss":0.0,"damage_taken":0.0,"cards_obtained":["Demon Form"]},{"damage_healed":0,"gold_gain":0,"player_choice":"Searched \u00270\u0027 times","damage_taken":0,"max_hp_gain":0,"max_hp_loss":0,"event_name":"Dead Adventurer","floor":11,"gold_loss":0},{"damage_healed":0,"gold_gain":0,"player_choice":"Success","damage_taken":11,"relics_obtained":["StrikeDummy"],"max_hp_gain":0,"max_hp_loss":0,"event_name":"Scrap Ooze","floor":13,"gold_loss":0},{"damage_healed":0,"gold_gain":0,"player_choice":"Obtained Book","damage_taken":21,"max_hp_gain":0,"max_hp_loss":0,"event_name":"Cursed Tome","floor":19,"gold_loss":0},{"damage_healed":0,"gold_gain":0,"player_choice":"Paid Fearfully","damage_taken":0,"max_hp_gain":0,"max_hp_loss":0,"event_name":"Masked Bandits","floor":21,"gold_loss":248},{"cards_removed":["Strike_R"],"damage_healed":0,"gold_gain":0,"player_choice":"Purged","damage_taken":0,"max_hp_gain":0,"max_hp_loss":0,"event_name":"Purifier","floor":22,"gold_loss":0}],"is_beta":false,"boss_relics":[{"not_picked":["Velvet Choker","SacredBark"],"picked":"Fusion Hammer"}],"items_purged_floors":[14],"is_endless":false,"potions_floor_spawned":[1,6,12,18,23],"killed_by":"Book of Stabbing","ascension_level":20}