{"gold_per_floor":[118,193,193,118,132,160,174,205,205,205,183,194,229,247,247,320,320,337,27,39,89,101,133,144,178,205,205,223,239,239,266,266,337,337,355,137,137,137,152,152,178,178,204,214,228,228,255,280,280,280,280],"floor_reached":51,"playtime":1715,"items_purged":["Pain","Twin Strike","Clash"],"score":1624,"play_id":"0ee58cbd-6d96-4994-af0f-019e457e5387","local_time":"20241116145634","is_ascension_mode":true,"campfire_choices":[{"data":"Inflame","floor":10.0,"key":"SMITH"},{"data":"Dark Embrace","floor":15.0,"key":"SMITH"},{"data":"Demon Form","floor":30.0,"key":"SMITH"},{"data":"Bloodletting","floor":32.0,"key":"SMITH"},{"data":"Barricade","floor":40.0,"key":"SMITH"},{"floor":42.0,"key":"RECALL"},{"data":"Entrench","floor":46.0,"key":"SMITH"},{"floor":49.0,"key":"REST"}],"neow_cost":"NONE","seed_source_timestamp":6104145139800,"circlet_count":0,"master_deck":["AscendersBane","Bash","Carnage","Sword Boomerang","Cleave","Inflame+1","Anger","Dark Embrace+1","Bloodletting+1","Limit Break","Feed","Burning Pact","Carnage","Flame Barrier","Feed","Demon Form+1","Armaments","Second Wind","True Grit","Shrug It Off","Reaper","Barricade+1","Entrench+1","Body Slam+1","Rage+1"],"special_seed":0,"relics":["Burning Blood","NeowsBlessing","WarpedTongs","PreservedInsect","Thread and Needle","Mummified Hand","Smiling Mask","Pandora\u0027s Box","Medical Kit","Singing Bowl","Oddly Smooth Stone","Toy Ornithopter","Meat on the Bone","StrikeDummy","Philosopher\u0027s Stone","Happy Flower","Pen Nib","Prayer Wheel"],"potions_floor_usage":[],"damage_taken":[{"damage":0.0,"enemies":"Small Slimes","floor":1.0,"turns":1.0},{"damage":0.0,"enemies":"Jaw Worm","floor":5.0,"turns":1.0},{"damage":0.0,"enemies":"3 Sentries","floor":6.0,"turns":1.0},{"damage":0.0,"enemies":"Cultist","floor":7.0,"turns":2.0},{"damage":17.0,"enemies":"Lagavulin","floor":8.0,"turns":6.0},{"damage":2.0,"enemies":"Exordium Thugs","floor":11.0,"turns":4.0},{"damage":0.0,"enemies":"Large Slime","floor":12.0,"turns":4.0},{"damage":6.0,"enemies":"3 Sentries","floor":13.0,"turns":3.0},{"damage":3.0,"enemies":"3 Louse","floor":14.0,"turns":2.0},{"damage":26.0,"enemies":"Slime Boss","floor":16.0,"turns":6.0},{"damage":6.0,"enemies":"3 Byrds","floor":18.0,"turns":3.0},{"damage":3.0,"enemies":"Spheric Guardian","floor":20.0,"turns":2.0},{"damage":0.0,"enemies":"3 Cultists","floor":22.0,"turns":5.0},{"damage":17.0,"enemies":"Book of Stabbing","floor":23.0,"turns":3.0},{"damage":26.0,"enemies":"Centurion and Healer","floor":24.0,"turns":6.0},{"damage":23.0,"enemies":"Gremlin Leader","floor":25.0,"turns":4.0},{"damage":25.0,"enemies":"Snecko","floor":28.0,"turns":6.0},{"damage":9.0,"enemies":"Chosen and Byrds","floor":29.0,"turns":7.0},{"damage":14.0,"enemies":"Book of Stabbing","floor":31.0,"turns":5.0},{"damage":34.0,"enemies":"Champ","floor":33.0,"turns":7.0},{"damage":24.0,"enemies":"Orb Walker","floor":35.0,"turns":4.0},{"damage":26.0,"enemies":"3 Shapes","floor":39.0,"turns":12.0},{"damage":55.0,"enemies":"Reptomancer","floor":41.0,"turns":6.0},{"damage":25.0,"enemies":"3 Darklings","floor":44.0,"turns":3.0},{"damage":12.0,"enemies":"Maw","floor":45.0,"turns":7.0},{"damage":42.0,"enemies":"Nemesis","floor":47.0,"turns":5.0},{"damage":0.0,"enemies":"Mind Bloom Boss Battle","floor":48.0,"turns":9.0},{"damage":152.0,"enemies":"Awakened One","floor":50.0,"turns":16.0},{"damage":63,"enemies":"Time Eater","floor":51,"turns":6}],"seed_played":"-3274053773631578002","potions_obtained":[{"floor":6.0,"key":"SkillPotion"},{"floor":7.0,"key":"Dexterity Potion"},{"floor":8.0,"key":"Strength Potion"},{"floor":16.0,"key":"BloodPotion"},{"floor":18.0,"key":"Explosive Potion"},{"floor":20.0,"key":"FearPotion"},{"floor":23.0,"key":"AttackPotion"},{"floor":29.0,"key":"Explosive Potion"},{"floor":41.0,"key":"ColorlessPotion"},{"floor":44.0,"key":"Explosive Potion"}],"is_trial":false,"path_per_floor":["M","?","?","$","M","E","M","E","T","R","M","M","E","M","R","B",null,"M","$","M","?","M","E","M","E","T","T","M","M","R","E","R","B",null,"M","$","?","?","M","R","E","R","T","M","M","R","E","?","R","B","B"],"character_chosen":"IRONCLAD","basemod:card_modifiers":[null,null,null,null,null,null,null,null,null,null,null,null,null,null,null,null,null,null,null,null,null,null,null,null,null],"items_purchased":["Second Wind","Medical Kit","Barricade","LiquidMemories"],"campfire_rested":1,"item_purchase_floors":[19,19,36,36],"current_hp_per_floor":[74,63,63,63,69,75,75,64,64,64,68,74,74,75,75,55,70,70,70,76,76,84,78,62,47,47,47,42,62,62,68,68,52,92,85,85,85,85,98,98,78,78,78,89,92,92,68,88,126,79,16],"gold":280,"neow_bonus":"THREE_ENEMY_KILL","is_prod":false,"is_daily":false,"chose_seed":false,"campfire_upgraded":6,"win_rate":0,"timestamp":1731736594,"path_taken":["M","?","?","$","?","E","M","E","T","R","M","M","E","M","R","BOSS","M","$","M","?","M","E","M","E","T","?","M","M","R","E","R","BOSS","M","$","?","?","M","R","E","R","T","M","M","R","E","?","R","BOSS","BOSS"],"build_version":"2022-12-18","purchased_purges":3,"victory":false,"max_hp_per_floor":[75,75,75,75,75,75,75,75,75,75,75,75,75,75,75,75,75,75,75,78,78,84,89,93,95,95,95,97,103,103,105,105,105,105,111,111,111,111,117,117,119,119,119,122,122,122,122,128,128,128,128],"relic_stats":{"Singing Bowl":18,"Happy Flower":[15],"counters":[29,146],"PreservedInsect":304,"Pen Nib":[3],"Smiling Mask":125,"Medical Kit":[33],"Burning Blood":156,"WarpedTongs":[133],"Mummified Hand":[64],"Pandora\u0027s Box":["Clash","Twin Strike","Feed","Burning Pact","Carnage","Flame Barrier","Feed","Demon Form","Armaments"],"Prayer Wheel":0,"obtain_stats":[{"NeowsBlessing":0,"Singing Bowl":23,"Happy Flower":41,"Oddly Smooth Stone":25,"Thread and Needle":8,"PreservedInsect":6,"Pen Nib":47,"Smiling Mask":13,"Medical Kit":19,"Burning Blood":0,"WarpedTongs":3,"Mummified Hand":9,"Pandora\u0027s Box":17,"Philosopher\u0027s Stone":34,"Prayer Wheel":48,"StrikeDummy":31,"Toy Ornithopter":26,"Meat on the Bone":27},{"NeowsBlessing":0,"Singing Bowl":14,"Happy Flower":23,"Oddly Smooth Stone":16,"Thread and Needle":5,"PreservedInsect":3,"Pen Nib":26,"Smiling Mask":8,"Medical Kit":11,"Burning Blood":0,"WarpedTongs":1,"Mummified Hand":5,"Pandora\u0027s Box":10,"Philosopher\u0027s Stone":20,"Prayer Wheel":27,"StrikeDummy":19,"Toy Ornithopter":16,"Meat on the Bone":16},{"NeowsBlessing":0,"Singing Bowl":43,"Happy Flower":100,"Oddly Smooth Stone":53,"Thread and Needle":11,"PreservedInsect":3,"Pen Nib":115,"Smiling Mask":22,"Medical Kit":33,"Burning Blood":0,"WarpedTongs":1,"Mummified Hand":11,"Pandora\u0027s Box":30,"Philosopher\u0027s Stone":78,"Prayer Wheel":124,"StrikeDummy":71,"Toy Ornithopter":53,"Meat on the Bone":53}],"Toy Ornithopter":25,"Meat on the Bone":60},"card_choices":[{"not_picked":["Clash","Disarm"],"picked":"Carnage","floor":1.0},{"not_picked":["Warcry","Armaments"],"picked":"Sword Boomerang","floor":5.0},{"not_picked":["Searing Blow","Body Slam","Berserk"],"picked":"SKIP","floor":6.0},{"not_picked":["Infernal Blade","Heavy Blade"],"picked":"Cleave","floor":7.0},{"not_picked":["Body Slam","Twin Strike"],"picked":"Inflame","floor":8.0},{"not_picked":["Twin Strike","Uppercut"],"picked":"Anger","floor":11.0},{"not_picked":["Disarm","Warcry","Blood for Blood"],"picked":"SKIP","floor":12.0},{"not_picked":["Dual Wield","Cleave"],"picked":"Dark Embrace","floor":13.0},{"not_picked":["Pommel Strike","Inflame"],"picked":"Bloodletting","floor":14.0},{"not_picked":["Bludgeon","Brutality"],"picked":"Limit Break","floor":16.0},{"not_picked":["Armaments","Body Slam","Iron Wave"],"picked":"SKIP","floor":18.0},{"not_picked":["Ghostly Armor","Reckless Charge"],"picked":"True Grit","floor":20.0},{"not_picked":["Flex","Body Slam","Twin Strike"],"picked":"SKIP","floor":22.0},{"not_picked":["Clash","Anger+1","Sever Soul"],"picked":"Singing Bowl","floor":23.0},{"not_picked":["Iron Wave","Clothesline"],"picked":"Shrug It Off","floor":24.0},{"not_picked":["Inflame","Warcry","Whirlwind"],"picked":"Singing Bowl","floor":25.0},{"not_picked":["Clothesline","Headbutt","Wild Strike"],"picked":"Singing Bowl","floor":28.0},{"not_picked":["Dark Embrace","Pummel+1","Clash"],"picked":"Singing Bowl","floor":29.0},{"not_picked":["Immolate","Combust","Clothesline+1"],"picked":"Singing Bowl","floor":31.0},{"not_picked":["Offering","Barricade"],"picked":"Reaper","floor":33.0},{"not_picked":["Heavy Blade","Evolve+1","Searing Blow"],"picked":"Singing Bowl","floor":35.0},{"not_picked":["Flex+1","Wild Strike","Uppercut+1"],"picked":"Singing Bowl","floor":39.0},{"not_picked":["Second Wind","Pummel","Dropkick+1"],"picked":"Singing Bowl","floor":41.0},{"not_picked":["Wild Strike","Havoc"],"picked":"Entrench","floor":44.0},{"not_picked":["Metallicize","Flame Barrier+1"],"picked":"Body Slam+1","floor":45.0},{"not_picked":["Evolve","Iron Wave"],"picked":"Rage+1","floor":47.0},{"not_picked":["Double Tap","Clash","Pommel Strike"],"picked":"Singing Bowl","floor":48.0}],"player_experience":887360,"relics_obtained":[{"floor":6.0,"key":"PreservedInsect"},{"floor":8.0,"key":"Thread and Needle"},{"floor":9.0,"key":"Mummified Hand"},{"floor":13.0,"key":"Smiling Mask"},{"floor":23.0,"key":"Singing Bowl"},{"floor":25.0,"key":"Oddly Smooth Stone"},{"floor":26.0,"key":"Toy Ornithopter"},{"floor":27.0,"key":"Meat on the Bone"},{"floor":31.0,"key":"StrikeDummy"},{"floor":41.0,"key":"Happy Flower"},{"floor":47.0,"key":"Pen Nib"},{"floor":48.0,"key":"Prayer Wheel"}],"event_choices":[{"damage_healed":0.0,"max_hp_gain":0.0,"max_hp_loss":0.0,"gold_gain":75.0,"event_name":"World of Goop","player_choice":"Gather Gold","floor":2.0,"gold_loss":0.0,"damage_taken":11.0},{"damage_healed":0.0,"max_hp_gain":0.0,"max_hp_loss":0.0,"gold_gain":0.0,"event_name":"Accursed Blacksmith","player_choice":"Rummage","floor":3.0,"gold_loss":0.0,"damage_taken":0.0,"relics_obtained":["WarpedTongs"],"cards_obtained":["Pain"]},{"damage_healed":0.0,"max_hp_gain":0.0,"max_hp_loss":0.0,"gold_gain":50.0,"event_name":"Nest","player_choice":"Stole From Cult","floor":21.0,"gold_loss":0.0,"damage_taken":0.0},{"damage_healed":0.0,"max_hp_gain":0.0,"max_hp_loss":0.0,"gold_gain":0.0,"event_name":"Mysterious Sphere","player_choice":"Ignored","floor":37.0,"gold_loss":0.0,"damage_taken":0.0},{"damage_healed":0.0,"max_hp_gain":0.0,"max_hp_loss":0.0,"gold_gain":0.0,"event_name":"Tomb of Lord Red Mask","player_choice":"Ignored","floor":38.0,"gold_loss":0.0,"damage_taken":0.0},{"damage_healed":0.0,"max_hp_gain":0.0,"max_hp_loss":0.0,"gold_gain":0.0,"event_name":"MindBloom","player_choice":"Fight","floor":48.0,"gold_loss":0.0,"damage_taken":0.0}],"is_beta":false,"boss_relics":[{"not_picked":["Black Blood","Mark of Pain"],"picked":"Pandora\u0027s Box"},{"not_picked":["SlaversCollar","Empty Cage"],"picked":"Philosopher\u0027s Stone"}],"items_purged_floors":[4,19,36],"is_endless":false,"potions_floor_spawned":[6,7,8,16,18,20,23,29,41,44],"killed_by":"Time Eater","ascension_level":20}