{"gold_per_floor":[117,134,134,158,158,158,177,177,177,200,233,233,272,297,297,388,388,406,456,456,469,150,150,173,217,241,45,70,89,89,114,114,114],"floor_reached":33,"playtime":1030,"items_purged":["Strike_G","Strike_G"],"score":558,"play_id":"b27410c8-28bd-478d-9f42-1a8a2f10da55","local_time":"20241116164711","is_ascension_mode":true,"campfire_choices":[{"data":"Noxious Fumes","floor":6.0,"key":"SMITH"},{"floor":8.0,"key":"REST"},{"floor":12.0,"key":"REST"},{"data":"Neutralize","floor":15.0,"key":"SMITH"},{"floor":23.0,"key":"REST"},{"floor":32,"key":"REST"}],"neow_cost":"NONE","seed_source_timestamp":13615465610600,"circlet_count":0,"master_deck":["AscendersBane","Strike_G","Strike_G","Defend_G","Defend_G","Defend_G","Defend_G","Defend_G","Survivor","Neutralize+1","Noxious Fumes+1","Dagger Spray","Crippling Poison","Poisoned Stab","Glass Knife","Escape Plan","Escape Plan","Concentrate","PiercingWail","Flechettes","Acrobatics","Acrobatics"],"special_seed":0,"relics":["Ring of the Snake","Golden Idol","Matryoshka","StrikeDummy","Blood Vial","Runic Pyramid","ClockworkSouvenir","Regal Pillow","Akabeko","PreservedInsect"],"potions_floor_usage":[25,25,33],"damage_taken":[{"damage":8.0,"enemies":"Cultist","floor":1.0,"turns":6.0},{"damage":3.0,"enemies":"2 Louse","floor":2.0,"turns":4.0},{"damage":2.0,"enemies":"Jaw Worm","floor":4.0,"turns":5.0},{"damage":16.0,"enemies":"Large Slime","floor":7.0,"turns":6.0},{"damage":15.0,"enemies":"Exordium Thugs","floor":10.0,"turns":4.0},{"damage":9.0,"enemies":"3 Sentries","floor":11.0,"turns":5.0},{"damage":5.0,"enemies":"Lagavulin","floor":13.0,"turns":6.0},{"damage":6.0,"enemies":"Lots of Slimes","floor":14.0,"turns":2.0},{"damage":26.0,"enemies":"The Guardian","floor":16.0,"turns":10.0},{"damage":13.0,"enemies":"3 Byrds","floor":18.0,"turns":6.0},{"damage":10.0,"enemies":"Chosen","floor":21.0,"turns":6.0},{"damage":21.0,"enemies":"3 Cultists","floor":24.0,"turns":5.0},{"damage":28,"enemies":"Book of Stabbing","floor":25,"turns":7},{"damage":2,"enemies":"Snecko","floor":28,"turns":6},{"damage":0,"enemies":"Snake Plant","floor":29,"turns":4},{"damage":3,"enemies":"Cultist and Chosen","floor":31,"turns":5},{"damage":65,"enemies":"Champ","floor":33,"turns":13}],"seed_played":"8032871031458295633","potions_obtained":[{"floor":1.0,"key":"SteroidPotion"},{"floor":7.0,"key":"SpeedPotion"},{"floor":10.0,"key":"Weak Potion"},{"floor":13.0,"key":"FearPotion"},{"floor":24.0,"key":"PowerPotion"},{"floor":25,"key":"LiquidBronze"},{"floor":28,"key":"BlessingOfTheForge"}],"is_trial":false,"path_per_floor":["M","M","?","M","?","R","M","R","T","M","E","R","E","M","R","B",null,"M","?","?","M","$","R","M","E","T","$","M","M","$","M","R","B"],"character_chosen":"THE_SILENT","basemod:card_modifiers":[null,null,null,null,null,null,null,null,null,null,null,null,null,null,null,null,null,null,null,null,null,null],"items_purchased":["Concentrate","ClockworkSouvenir","Flechettes","Acrobatics"],"campfire_rested":4,"item_purchase_floors":[22,22,27,27],"current_hp_per_floor":[57,54,54,52,45,45,29,48,48,33,24,43,38,34,34,10,51,40,40,40,32,32,51,32,6,6,6,6,8,8,7,41,0],"gold":114,"neow_bonus":"TEN_PERCENT_HP_BONUS","is_prod":false,"is_daily":false,"chose_seed":false,"campfire_upgraded":2,"win_rate":0,"timestamp":1731743231,"path_taken":["M","M","?","M","?","R","M","R","T","M","E","R","E","M","R","BOSS","M","?","?","?","$","R","M","E","T","?","M","?","$","M","R","BOSS"],"build_version":"2022-12-18","purchased_purges":2,"victory":false,"max_hp_per_floor":[72,72,65,65,65,65,65,65,65,65,65,65,65,65,65,65,65,65,65,65,65,65,65,65,65,65,65,65,65,65,65,65,65],"relic_stats":{"Blood Vial":20,"Regal Pillow":15,"Matryoshka":1,"counters":[17,100],"Golden Idol":87,"PreservedInsect":0,"obtain_stats":[{"Blood Vial":13,"Regal Pillow":25,"Matryoshka":9,"Golden Idol":3,"PreservedInsect":26,"StrikeDummy":11,"Akabeko":26,"Ring of the Snake":0,"Runic Pyramid":17,"ClockworkSouvenir":22},{"Blood Vial":7,"Regal Pillow":13,"Matryoshka":4,"Golden Idol":2,"PreservedInsect":13,"StrikeDummy":6,"Akabeko":13,"Ring of the Snake":0,"Runic Pyramid":9,"ClockworkSouvenir":11},{"Blood Vial":36,"Regal Pillow":72,"Matryoshka":21,"Golden Idol":10,"PreservedInsect":72,"StrikeDummy":30,"Akabeko":72,"Ring of the Snake":0,"Runic Pyramid":48,"ClockworkSouvenir":60}],"Ring of the Snake":[34]},"card_choices":[{"not_picked":["Cloak And Dagger","Bane"],"picked":"Noxious Fumes","floor":1.0},{"not_picked":["Well Laid Plans","Distraction","Deflect"],"picked":"SKIP","floor":2.0},{"not_picked":["Prepared","Setup"],"picked":"Dagger Spray","floor":4.0},{"not_picked":["Deflect","Cloak And Dagger"],"picked":"Crippling Poison","floor":7.0},{"not_picked":["Quick Slash","Accuracy"],"picked":"Poisoned Stab","floor":10.0},{"not_picked":["Eviscerate","Prepared"],"picked":"Glass Knife","floor":11.0},{"not_picked":["Endless Agony","Noxious Fumes","Riddle With Holes"],"picked":"SKIP","floor":13.0},{"not_picked":["Footwork","Underhanded Strike"],"picked":"Escape Plan","floor":14.0},{"not_picked":["Bouncing Flask","Riddle With Holes","Poisoned Stab"],"picked":"SKIP","floor":18.0},{"not_picked":["Heel Hook","Skewer","Dodge and Roll"],"picked":"SKIP","floor":21.0},{"not_picked":["Slice","Bane"],"picked":"PiercingWail","floor":24.0},{"not_picked":["Caltrops","Deadly Poison","Deflect"],"picked":"SKIP","floor":25},{"not_picked":["Sucker Punch","Underhanded Strike"],"picked":"Acrobatics","floor":28},{"not_picked":["Dagger Spray+1","Dodge and Roll","Predator"],"picked":"SKIP","floor":29},{"not_picked":["Outmaneuver","PiercingWail","Malaise"],"picked":"SKIP","floor":31}],"player_experience":892886,"relics_obtained":[{"floor":9.0,"key":"Matryoshka"},{"floor":11.0,"key":"StrikeDummy"},{"floor":13.0,"key":"Blood Vial"},{"floor":25,"key":"Regal Pillow"},{"floor":26,"key":"Akabeko"},{"floor":26,"key":"PreservedInsect"}],"event_choices":[{"damage_healed":0.0,"max_hp_gain":0.0,"max_hp_loss":7.0,"gold_gain":0.0,"event_name":"Golden Idol","player_choice":"Lose Max HP","floor":3.0,"gold_loss":0.0,"damage_taken":0.0,"relics_obtained":["Golden Idol"]},{"cards_removed":["Strike_G"],"damage_healed":0.0,"max_hp_gain":0.0,"max_hp_loss":0.0,"gold_gain":0.0,"event_name":"Golden Wing","player_choice":"Card Removal","floor":5.0,"gold_loss":0.0,"damage_taken":7.0},{"damage_healed":0.0,"max_hp_gain":0.0,"max_hp_loss":0.0,"gold_gain":50.0,"event_name":"Nest","player_choice":"Stole From Cult","floor":19.0,"gold_loss":0.0,"damage_taken":0.0},{"damage_healed":0.0,"max_hp_gain":0.0,"max_hp_loss":0.0,"gold_gain":0.0,"event_name":"Match and Keep!","player_choice":"1 cards matched","floor":20.0,"gold_loss":0.0,"damage_taken":0.0,"cards_obtained":["Escape Plan"]}],"is_beta":false,"boss_relics":[{"not_picked":["Pandora\u0027s Box","Astrolabe"],"picked":"Runic Pyramid"}],"items_purged_floors":[22,27],"is_endless":false,"potions_floor_spawned":[1,7,10,13,14,24,25,28],"killed_by":"Champ","ascension_level":20}