{"gold_per_floor":[360,23,34,48,68,96,106,106],"floor_reached":8,"playtime":197,"items_purged":["Strike_G"],"score":120,"play_id":"b73e4d47-9ae0-4874-b797-b885112523c8","local_time":"20241116133743","is_ascension_mode":true,"campfire_choices":[],"neow_cost":"TEN_PERCENT_HP_LOSS","seed_source_timestamp":3197016729400,"circlet_count":0,"master_deck":["AscendersBane","Strike_G","Strike_G","Strike_G","Strike_G","Defend_G","Defend_G","Defend_G","Defend_G","Defend_G","Survivor","Neutralize","Dagger Throw","Eviscerate","Well Laid Plans","Cloak And Dagger"],"relics":["Ring of the Snake","Shuriken","Pen Nib"],"potions_floor_usage":[7],"damage_taken":[{"damage":0,"enemies":"Jaw Worm","floor":1,"turns":6},{"damage":4,"enemies":"Small Slimes","floor":3,"turns":5},{"damage":1,"enemies":"Cultist","floor":4,"turns":4},{"damage":3,"enemies":"2 Fungi Beasts","floor":5,"turns":3},{"damage":41,"enemies":"Lagavulin","floor":6,"turns":9},{"damage":0,"enemies":"Looter","floor":7,"turns":4}],"seed_played":"-113853673114426359","potions_obtained":[{"floor":4,"key":"Swift Potion"},{"floor":7,"key":"Weak Potion"}],"is_trial":false,"path_per_floor":["M","$","M","M","M","E","M","?"],"character_chosen":"THE_SILENT","basemod:card_modifiers":[null,null,null,null,null,null,null,null,null,null,null,null,null,null,null,null],"items_purchased":["Shuriken"],"campfire_rested":0,"item_purchase_floors":[2],"current_hp_per_floor":[59,59,55,54,51,10,10,10],"gold":106,"neow_bonus":"TWO_FIFTY_GOLD","is_prod":false,"is_daily":false,"chose_seed":false,"campfire_upgraded":0,"win_rate":0,"timestamp":1731731863,"path_taken":["M","$","M","M","M","E","M","?"],"build_version":"2022-12-18","purchased_purges":1,"victory":false,"max_hp_per_floor":[60,60,60,60,60,60,60,60],"relic_stats":{"counters":[6,31],"Shuriken":[5],"Pen Nib":[0],"obtain_stats":[{"Shuriken":2,"Pen Nib":6,"Ring of the Snake":0},{"Shuriken":1,"Pen Nib":5,"Ring of the Snake":0},{"Shuriken":6,"Pen Nib":27,"Ring of the Snake":0}],"Ring of the Snake":[12]},"card_choices":[{"not_picked":["Bane","Riddle With Holes"],"picked":"Dagger Throw","floor":1},{"not_picked":["Bane","Outmaneuver"],"picked":"Eviscerate","floor":3},{"not_picked":["Dodge and Roll","Finisher"],"picked":"Well Laid Plans","floor":4},{"not_picked":["Flying Knee","Dagger Throw","Bane"],"picked":"SKIP","floor":5},{"not_picked":["Acrobatics","Dagger Throw"],"picked":"Cloak And Dagger","floor":6},{"not_picked":["Tactician","Cloak And Dagger","Accuracy"],"picked":"SKIP","floor":7}],"player_experience":885108,"relics_obtained":[{"floor":6,"key":"Pen Nib"}],"event_choices":[],"is_beta":false,"boss_relics":[],"items_purged_floors":[2],"is_endless":false,"potions_floor_spawned":[4,7],"ascension_level":20}