{"gold_per_floor":[114,128,128,139,151,151],"floor_reached":6,"playtime":114,"items_purged":[],"score":76,"play_id":"58b3a420-eaf9-4a78-9ea4-c53f816cabbf","local_time":"20241116133944","is_ascension_mode":true,"campfire_choices":[],"neow_cost":"NONE","seed_source_timestamp":3400365441700,"circlet_count":0,"master_deck":["AscendersBane","Strike_G","Strike_G","Strike_G","Strike_G","Defend_G","Defend_G","Defend_G","Defend_G","Defend_G","Survivor","Neutralize","Well Laid Plans","All Out Attack","Poisoned Stab"],"relics":["Ring of the Snake","NeowsBlessing"],"potions_floor_usage":[6,6],"damage_taken":[{"damage":0,"enemies":"Jaw Worm","floor":1,"turns":1},{"damage":0,"enemies":"Cultist","floor":2,"turns":1},{"damage":0,"enemies":"Small Slimes","floor":4,"turns":1},{"damage":8,"enemies":"Gremlin Gang","floor":5,"turns":4},{"damage":48,"enemies":"Lagavulin","floor":6,"turns":11}],"seed_played":"-2890559155676699940","potions_obtained":[{"floor":1,"key":"Fruit Juice"},{"floor":5,"key":"SpeedPotion"}],"is_trial":false,"path_per_floor":["M","M","?","M","M","E"],"character_chosen":"THE_SILENT","basemod:card_modifiers":[null,null,null,null,null,null,null,null,null,null,null,null,null,null,null],"items_purchased":[],"campfire_rested":0,"item_purchase_floors":[],"current_hp_per_floor":[59,59,59,59,51,8],"gold":151,"neow_bonus":"THREE_ENEMY_KILL","is_prod":false,"is_daily":false,"chose_seed":false,"campfire_upgraded":0,"win_rate":0,"timestamp":1731731984,"path_taken":["M","M","?","M","M","E"],"build_version":"2022-12-18","purchased_purges":0,"victory":false,"max_hp_per_floor":[66,66,66,66,66,71],"relic_stats":{"counters":[5,18],"obtain_stats":[{"NeowsBlessing":0,"Ring of the Snake":0},{"NeowsBlessing":0,"Ring of the Snake":0},{"NeowsBlessing":0,"Ring of the Snake":0}],"Ring of the Snake":[10]},"card_choices":[{"not_picked":["Escape Plan","Calculated Gamble"],"picked":"Well Laid Plans","floor":1},{"not_picked":["Slice","Poisoned Stab"],"picked":"All Out Attack","floor":2},{"not_picked":["Cloak And Dagger","Outmaneuver","Infinite Blades"],"picked":"SKIP","floor":4},{"not_picked":["Quick Slash","Tactician"],"picked":"Poisoned Stab","floor":5}],"player_experience":885305,"relics_obtained":[],"event_choices":[{"cards_removed":["Strike_G"],"damage_healed":0,"gold_gain":0,"player_choice":"Purged","damage_taken":0,"max_hp_gain":0,"max_hp_loss":0,"event_name":"Purifier","floor":3,"gold_loss":0}],"is_beta":false,"boss_relics":[],"items_purged_floors":[],"is_endless":false,"potions_floor_spawned":[1,5],"killed_by":"Lagavulin","ascension_level":20}