{"gold_per_floor":[110,110,124,49,49,74,74,106,188,201,38,38,49,79,79,151,151,164,64,64,64,64,64,91,91,91,118,118,130,150,177,177,254,254,254],"floor_reached":35,"playtime":673,"items_purged":["Pain","Strike_G"],"score":1008,"play_id":"9da59767-e669-47fe-8171-7066983dfe95","local_time":"20241114002416","is_ascension_mode":true,"campfire_choices":[{"data":"Blade Dance","floor":7.0,"key":"SMITH"},{"data":"Finisher","floor":12.0,"key":"SMITH"},{"data":"Phantasmal Killer","floor":15.0,"key":"SMITH"},{"data":"Blade Dance","floor":23.0,"key":"SMITH"},{"data":"Adrenaline","floor":28.0,"key":"SMITH"},{"floor":32.0,"key":"REST"}],"neow_cost":"NONE","seed_source_timestamp":4364197602800,"circlet_count":0,"master_deck":["AscendersBane","Strike_G","Strike_G","Strike_G","Defend_G","Defend_G","Defend_G","Defend_G","Defend_G","Survivor","Neutralize","Blade Dance+1","Finisher+1","Dagger Throw","Endless Agony","Phantasmal Killer+1","Adrenaline+1","Blade Dance+1","Calculated Gamble","PiercingWail","Well Laid Plans","Escape Plan","After Image"],"special_seed":0,"relics":["Ring of the Snake","NeowsBlessing","WarpedTongs","Art of War","TungstenRod","Ninja Scroll","Pen Nib","Tiny Chest","SlaversCollar","Molten Egg 2","Question Card","Potion Belt","Omamori","Cursed Key"],"potions_floor_usage":[33],"damage_taken":[{"damage":0.0,"enemies":"Jaw Worm","floor":1.0,"turns":1.0},{"damage":1.0,"enemies":"Cultist","floor":3.0,"turns":1.0},{"damage":0.0,"enemies":"3 Sentries","floor":6.0,"turns":1.0},{"damage":0.0,"enemies":"Lagavulin","floor":8.0,"turns":4.0},{"damage":0.0,"enemies":"2 Louse","floor":10.0,"turns":1.0},{"damage":0.0,"enemies":"Exordium Thugs","floor":13.0,"turns":3.0},{"damage":4.0,"enemies":"3 Sentries","floor":14.0,"turns":3.0},{"damage":42.0,"enemies":"Hexaghost","floor":16.0,"turns":11.0},{"damage":0.0,"enemies":"2 Thieves","floor":18.0,"turns":2.0},{"damage":4.0,"enemies":"Slavers","floor":24.0,"turns":4.0},{"damage":6.0,"enemies":"Book of Stabbing","floor":27.0,"turns":3.0},{"damage":7.0,"enemies":"Shell Parasite","floor":29.0,"turns":4.0},{"damage":27.0,"enemies":"Sentry and Sphere","floor":30.0,"turns":4.0},{"damage":0.0,"enemies":"Gremlin Leader","floor":31.0,"turns":3.0},{"damage":26,"enemies":"Collector","floor":33,"turns":4},{"damage":43,"enemies":"3 Darklings","floor":35,"turns":5}],"seed_played":"5496243063926965213","potions_obtained":[{"floor":3.0,"key":"BlessingOfTheForge"},{"floor":6.0,"key":"Block Potion"},{"floor":10.0,"key":"PowerPotion"},{"floor":18.0,"key":"Swift Potion"},{"floor":27.0,"key":"BlessingOfTheForge"},{"floor":29.0,"key":"DistilledChaos"},{"floor":30.0,"key":"Explosive Potion"}],"is_trial":false,"path_per_floor":["M","?","M","$","?","E","R","E","T","M","$","R","M","E","R","B",null,"M","$","?","?","?","R","E","T","T","E","R","M","M","E","R","B",null,"M"],"character_chosen":"THE_SILENT","basemod:card_modifiers":[null,null,null,null,null,null,null,null,null,null,null,null,null,null,null,null,null,null,null,null,null,null,null],"items_purchased":["Pen Nib"],"campfire_rested":1,"item_purchase_floors":[11],"current_hp_per_floor":[59,59,58,58,58,58,58,58,58,58,58,58,58,54,54,12,53,53,53,53,53,53,53,49,49,49,43,43,36,9,9,28,2,50,7],"gold":254,"neow_bonus":"THREE_ENEMY_KILL","is_prod":false,"is_daily":false,"chose_seed":false,"campfire_upgraded":5,"win_rate":0,"timestamp":1731511456,"path_taken":["M","?","?","$","?","E","R","E","T","M","?","R","M","E","R","BOSS","M","$","?","?","?","R","E","?","T","E","R","M","M","E","R","BOSS","M"],"build_version":"2022-12-18","purchased_purges":2,"victory":false,"max_hp_per_floor":[66,66,66,66,66,66,66,66,66,66,66,66,66,66,66,66,66,66,66,66,66,66,66,66,66,66,66,66,66,66,66,66,66,66,66],"relic_stats":{"counters":[16,54],"Tiny Chest":1,"Pen Nib":[21],"Art of War":[3],"Omamori":0,"Question Card":6,"Cursed Key":0,"obtain_stats":[{"Potion Belt":26,"NeowsBlessing":0,"Pen Nib":11,"Omamori":27,"Question Card":25,"Cursed Key":34,"WarpedTongs":2,"SlaversCollar":17,"Ninja Scroll":9,"Tiny Chest":14,"Molten Egg 2":24,"Art of War":6,"TungstenRod":8,"Ring of the Snake":0},{"Potion Belt":10,"NeowsBlessing":0,"Pen Nib":5,"Omamori":11,"Question Card":10,"Cursed Key":15,"WarpedTongs":1,"SlaversCollar":8,"Ninja Scroll":4,"Tiny Chest":7,"Molten Egg 2":10,"Art of War":3,"TungstenRod":4,"Ring of the Snake":0},{"Potion Belt":31,"NeowsBlessing":0,"Pen Nib":8,"Omamori":34,"Question Card":31,"Cursed Key":49,"WarpedTongs":1,"SlaversCollar":25,"Ninja Scroll":7,"Tiny Chest":14,"Molten Egg 2":31,"Art of War":3,"TungstenRod":7,"Ring of the Snake":0}],"TungstenRod":29,"Ring of the Snake":[26],"WarpedTongs":[51]},"card_choices":[{"not_picked":["Dodge and Roll","Noxious Fumes"],"picked":"Blade Dance","floor":1.0},{"not_picked":["Tactician","Deadly Poison"],"picked":"Finisher","floor":3.0},{"not_picked":["Deflect","Deadly Poison"],"picked":"Dagger Throw","floor":6.0},{"not_picked":["Flying Knee","Concentrate"],"picked":"Endless Agony","floor":8.0},{"not_picked":["Bane","Quick Slash","Blur"],"picked":"SKIP","floor":10.0},{"not_picked":["Cloak And Dagger","Noxious Fumes"],"picked":"Phantasmal Killer","floor":13.0},{"not_picked":["Choke","Backflip","Bouncing Flask"],"picked":"SKIP","floor":14.0},{"not_picked":["Bullet Time","A Thousand Cuts"],"picked":"Adrenaline","floor":16.0},{"not_picked":["Infinite Blades","Deadly Poison","Backflip"],"picked":"SKIP","floor":18.0},{"not_picked":["Flechettes+1","Slice+1"],"picked":"Calculated Gamble","floor":24.0},{"not_picked":["Expertise","Dagger Throw+1","Prepared"],"picked":"PiercingWail","floor":27.0},{"not_picked":["Dash+1","Bane+1","Dagger Throw+1"],"picked":"Well Laid Plans","floor":29.0},{"not_picked":["Prepared","Underhanded Strike+1","Backflip","Flying Knee+1"],"picked":"SKIP","floor":30.0},{"not_picked":["Cloak And Dagger","Die Die Die+1","Dodge and Roll"],"picked":"Escape Plan","floor":31.0},{"not_picked":["Die Die Die+1","Storm of Steel","Bullet Time"],"picked":"After Image","floor":33}],"player_experience":873535,"relics_obtained":[{"floor":6.0,"key":"Art of War"},{"floor":8.0,"key":"TungstenRod"},{"floor":9.0,"key":"Ninja Scroll"},{"floor":14.0,"key":"Tiny Chest"},{"floor":24.0,"key":"Molten Egg 2"},{"floor":25.0,"key":"Question Card"},{"floor":26.0,"key":"Potion Belt"},{"floor":27.0,"key":"Omamori"}],"event_choices":[{"damage_healed":0.0,"max_hp_gain":0.0,"max_hp_loss":0.0,"gold_gain":0.0,"event_name":"Accursed Blacksmith","player_choice":"Rummage","floor":2.0,"gold_loss":0.0,"damage_taken":0.0,"relics_obtained":["WarpedTongs"],"cards_obtained":["Pain"]},{"cards_removed":["Strike_G"],"damage_healed":0.0,"max_hp_gain":0.0,"max_hp_loss":0.0,"gold_gain":0.0,"event_name":"Bonfire Elementals","player_choice":"Offered Basic","floor":5.0,"gold_loss":0.0,"damage_taken":0.0},{"damage_healed":0.0,"max_hp_gain":0.0,"max_hp_loss":0.0,"gold_gain":0.0,"event_name":"The Library","player_choice":"Read","floor":20.0,"gold_loss":0.0,"damage_taken":0.0,"cards_obtained":["Blade Dance"]},{"damage_healed":0.0,"max_hp_gain":0.0,"max_hp_loss":0.0,"gold_gain":0.0,"event_name":"The Mausoleum","player_choice":"Ignored","floor":21.0,"gold_loss":0.0,"damage_taken":0.0},{"damage_healed":0.0,"max_hp_gain":0.0,"max_hp_loss":0.0,"gold_gain":0.0,"event_name":"Cursed Tome","player_choice":"Ignored","floor":22.0,"gold_loss":0.0,"damage_taken":0.0}],"is_beta":false,"boss_relics":[{"not_picked":["Busted Crown","Tiny House"],"picked":"SlaversCollar"},{"not_picked":["Snecko Eye","Velvet Choker"],"picked":"Cursed Key"}],"items_purged_floors":[4,19],"is_endless":false,"potions_floor_spawned":[3,6,10,18,27,29,30],"killed_by":"3 Darklings","ascension_level":20}