{"gold_per_floor":[111,129,54,54,74,109,34,59,59,0,13,31,31,43,43,43],"floor_reached":16,"playtime":328,"items_purged":["Strike_G"],"score":224,"play_id":"f095cef5-fe3a-493f-a610-c51a24501691","local_time":"20241115230346","is_ascension_mode":true,"campfire_choices":[{"floor":13.0,"key":"REST"},{"data":"Dagger Spray","floor":15.0,"key":"SMITH"}],"neow_cost":"NONE","seed_source_timestamp":6032986274300,"circlet_count":0,"master_deck":["AscendersBane","Strike_G","Strike_G","Strike_G","Defend_G","Defend_G","Defend_G","Defend_G","Defend_G","Survivor","Neutralize","Underhanded Strike","Terror","Dagger Throw","Dagger Spray+1","Footwork"],"special_seed":0,"relics":["Ring of the Snake","NeowsBlessing","MealTicket","Turnip","Mummified Hand","StrikeDummy"],"potions_floor_usage":[],"damage_taken":[{"damage":0.0,"enemies":"2 Louse","floor":1.0,"turns":1.0},{"damage":0.0,"enemies":"Small Slimes","floor":2.0,"turns":1.0},{"damage":0.0,"enemies":"Jaw Worm","floor":5.0,"turns":1.0},{"damage":31.0,"enemies":"Lagavulin","floor":6.0,"turns":6.0},{"damage":29.0,"enemies":"Gremlin Nob","floor":8.0,"turns":4.0},{"damage":0.0,"enemies":"Looter","floor":11.0,"turns":3.0},{"damage":1.0,"enemies":"Gremlin Gang","floor":12.0,"turns":4.0},{"damage":0.0,"enemies":"Blue Slaver","floor":14.0,"turns":4.0},{"damage":0,"enemies":"Slime Boss","floor":16,"turns":1}],"seed_played":"4876968316357568687","potions_obtained":[{"floor":2.0,"key":"GamblersBrew"},{"floor":5.0,"key":"GamblersBrew"},{"floor":12.0,"key":"Dexterity Potion"}],"is_trial":false,"path_per_floor":["M","M","?","?","M","E","$","E","T","?","M","M","R","M","R","B"],"character_chosen":"THE_SILENT","basemod:card_modifiers":[null,null,null,null,null,null,null,null,null,null,null,null,null,null,null,null],"items_purchased":[],"campfire_rested":1,"item_purchase_floors":[],"current_hp_per_floor":[59,59,59,48,48,17,32,3,3,3,3,2,21,21,21,21],"gold":43,"neow_bonus":"THREE_ENEMY_KILL","is_prod":false,"is_daily":false,"chose_seed":false,"campfire_upgraded":1,"win_rate":0,"timestamp":1731679426,"path_taken":["M","M","?","?","M","E","$","E","T","?","M","M","R","M","R","BOSS"],"build_version":"2022-12-18","purchased_purges":1,"victory":false,"max_hp_per_floor":[66,66,66,66,66,66,66,66,66,66,66,66,66,66,66,66],"relic_stats":{"counters":[9,25],"Mummified Hand":[1],"MealTicket":15,"Turnip":[0],"obtain_stats":[{"NeowsBlessing":0,"Mummified Hand":8,"MealTicket":4,"Turnip":6,"StrikeDummy":9,"Ring of the Snake":0},{"NeowsBlessing":0,"Mummified Hand":5,"MealTicket":2,"Turnip":4,"StrikeDummy":5,"Ring of the Snake":0},{"NeowsBlessing":0,"Mummified Hand":13,"MealTicket":2,"Turnip":9,"StrikeDummy":13,"Ring of the Snake":0}],"Ring of the Snake":[18]},"card_choices":[{"not_picked":["Quick Slash","Prepared"],"picked":"Underhanded Strike","floor":1.0},{"not_picked":["Deflect","Endless Agony"],"picked":"Terror","floor":2.0},{"not_picked":["Dodge and Roll","Skewer"],"picked":"Dagger Throw","floor":5.0},{"not_picked":["Bullet Time","Flying Knee","PiercingWail"],"picked":"SKIP","floor":6.0},{"not_picked":["Flying Knee","Setup","Outmaneuver"],"picked":"SKIP","floor":8.0},{"not_picked":["Flying Knee","Leg Sweep"],"picked":"Dagger Spray","floor":11.0},{"not_picked":["Underhanded Strike","Dagger Throw"],"picked":"Footwork","floor":12.0},{"not_picked":["Burst","Dash","PiercingWail"],"picked":"SKIP","floor":14.0}],"player_experience":880764,"relics_obtained":[{"floor":6.0,"key":"Turnip"},{"floor":8.0,"key":"Mummified Hand"},{"floor":9.0,"key":"StrikeDummy"}],"event_choices":[{"cards_removed":["Strike_G"],"damage_healed":0.0,"max_hp_gain":0.0,"max_hp_loss":0.0,"gold_gain":0.0,"event_name":"The Cleric","player_choice":"Card Removal","floor":3.0,"gold_loss":75.0,"damage_taken":0.0},{"damage_healed":0.0,"max_hp_gain":0.0,"max_hp_loss":0.0,"gold_gain":0.0,"event_name":"Scrap Ooze","player_choice":"Success","floor":4.0,"gold_loss":0.0,"damage_taken":11.0,"relics_obtained":["MealTicket"]},{"damage_healed":0.0,"max_hp_gain":0.0,"max_hp_loss":0.0,"gold_gain":0.0,"event_name":"World of Goop","player_choice":"Left Gold","floor":10.0,"gold_loss":59.0,"damage_taken":0.0}],"is_beta":false,"boss_relics":[],"items_purged_floors":[7],"is_endless":false,"potions_floor_spawned":[2,5,12],"killed_by":"Slime Boss","ascension_level":20}