{"gold_per_floor":[119,44,58,76,93,93,125,140,140,140,140,152,152,152,152,152],"floor_reached":16,"playtime":270,"items_purged":["Strike_R"],"score":204,"play_id":"e128a081-c805-4c14-bf6e-074d19c9d040","local_time":"20241116153824","is_ascension_mode":true,"campfire_choices":[{"floor":6.0,"key":"REST"},{"data":"Heavy Blade","floor":11.0,"key":"SMITH"},{"data":"Demon Form","floor":13.0,"key":"SMITH"},{"data":"Bloodletting","floor":15.0,"key":"SMITH"}],"neow_cost":"PERCENT_DAMAGE","seed_source_timestamp":10288851145600,"circlet_count":0,"master_deck":["AscendersBane","Strike_R","Strike_R","Defend_R","Defend_R","Defend_R","Bash","Corruption","Bloodletting+1","Heavy Blade+1","Power Through","Spot Weakness","Demon Form+1"],"special_seed":0,"relics":["Burning Blood","Blue Candle","PreservedInsect"],"potions_floor_usage":[16],"damage_taken":[{"damage":4.0,"enemies":"Cultist","floor":1.0,"turns":4.0},{"damage":11.0,"enemies":"Small Slimes","floor":3.0,"turns":3.0},{"damage":7.0,"enemies":"Jaw Worm","floor":4.0,"turns":7.0},{"damage":18.0,"enemies":"3 Louse","floor":5.0,"turns":3.0},{"damage":21.0,"enemies":"Gremlin Nob","floor":7.0,"turns":4.0},{"damage":10.0,"enemies":"Exordium Thugs","floor":8.0,"turns":5.0},{"damage":1.0,"enemies":"Looter","floor":12.0,"turns":4.0},{"damage":57,"enemies":"Slime Boss","floor":16,"turns":8}],"seed_played":"-3118085846534532241","potions_obtained":[{"floor":1.0,"key":"Strength Potion"},{"floor":3.0,"key":"EssenceOfSteel"},{"floor":4.0,"key":"Fruit Juice"},{"floor":12.0,"key":"ColorlessPotion"}],"is_trial":false,"path_per_floor":["M","$","M","M","M","R","E","M","T","?","R","M","R","T","R","B"],"character_chosen":"IRONCLAD","basemod:card_modifiers":[null,null,null,null,null,null,null,null,null,null,null,null,null],"items_purchased":[],"campfire_rested":1,"item_purchase_floors":[],"current_hp_per_floor":[52,52,47,46,34,63,48,44,44,44,44,49,49,49,49,0],"gold":152,"neow_bonus":"TRANSFORM_TWO_CARDS","is_prod":false,"is_daily":false,"chose_seed":false,"campfire_upgraded":3,"win_rate":0,"timestamp":1731739104,"path_taken":["M","?","M","M","M","R","E","M","T","?","R","?","R","?","R","BOSS"],"build_version":"2022-12-18","purchased_purges":1,"victory":false,"max_hp_per_floor":[75,75,75,75,75,80,80,80,80,80,80,80,80,80,80,80],"relic_stats":{"counters":[8,38],"Blue Candle":[0],"PreservedInsect":0,"obtain_stats":[{"Blue Candle":7,"PreservedInsect":14,"Burning Blood":0},{"Blue Candle":5,"PreservedInsect":7,"Burning Blood":0},{"Blue Candle":21,"PreservedInsect":30,"Burning Blood":0}],"Burning Blood":42},"card_choices":[{"not_picked":["Feel No Pain","Dual Wield"],"picked":"Heavy Blade","floor":1.0},{"not_picked":["Metallicize","Infernal Blade"],"picked":"Power Through","floor":3.0},{"not_picked":["Warcry","Clash","Dual Wield"],"picked":"SKIP","floor":4.0},{"not_picked":["Iron Wave","Sword Boomerang","Flex"],"picked":"SKIP","floor":5.0},{"not_picked":["Power Through","Havoc","Warcry"],"picked":"SKIP","floor":7.0},{"not_picked":["Pommel Strike","Flex"],"picked":"Spot Weakness","floor":8.0},{"not_picked":["Perfected Strike","Clothesline"],"picked":"Demon Form","floor":12.0}],"player_experience":889772,"relics_obtained":[{"floor":7.0,"key":"Blue Candle"},{"floor":14.0,"key":"PreservedInsect"}],"event_choices":[{"cards_removed":["Strike_R"],"damage_healed":0.0,"max_hp_gain":0.0,"max_hp_loss":0.0,"gold_gain":0.0,"event_name":"Purifier","player_choice":"Purged","floor":10.0,"gold_loss":0.0,"damage_taken":0.0}],"is_beta":false,"boss_relics":[],"items_purged_floors":[2],"is_endless":false,"potions_floor_spawned":[1,3,4,12],"killed_by":"Slime Boss","ascension_level":20}