{"gold_per_floor":[368,217,233,243,254,254,289,304,304,304,35,60,60,135,135,209,209,227,227,227],"floor_reached":20,"playtime":469,"items_purged":["Parasite","Strike_R"],"score":364,"play_id":"cb1ff329-bebb-41c4-8b5b-2621dde738b0","local_time":"20241116153231","is_ascension_mode":true,"campfire_choices":[{"data":"Uppercut","floor":6,"key":"SMITH"},{"data":"Inflame","floor":10,"key":"SMITH"},{"data":"Corruption","floor":15,"key":"SMITH"}],"neow_cost":"CURSE","seed_source_timestamp":9812514577900,"circlet_count":0,"master_deck":["AscendersBane","Bash","Anger","Uppercut+1","Heavy Blade","Inflame+1","Armaments","Pummel","Feel No Pain","Corruption+1","Corruption","Reaper","Berserk","Ghostly Armor","Headbutt","Pommel Strike","Clothesline","Corruption"],"relics":["Burning Blood","Champion Belt","Orrery","Bag of Marbles","Pandora\u0027s Box"],"potions_floor_usage":[8,16],"damage_taken":[{"damage":1,"enemies":"Cultist","floor":1,"turns":3},{"damage":4,"enemies":"Jaw Worm","floor":3,"turns":3},{"damage":1,"enemies":"2 Louse","floor":4,"turns":2},{"damage":14,"enemies":"Exordium Thugs","floor":5,"turns":3},{"damage":24,"enemies":"Gremlin Nob","floor":7,"turns":4},{"damage":5,"enemies":"Red Slaver","floor":8,"turns":3},{"damage":18,"enemies":"3 Sentries","floor":12,"turns":9},{"damage":19,"enemies":"Hexaghost","floor":16,"turns":7},{"damage":37,"enemies":"Shell Parasite","floor":18,"turns":5},{"damage":27,"enemies":"Spheric Guardian","floor":20,"turns":3}],"seed_played":"4932444575979676398","potions_obtained":[{"floor":1,"key":"FearPotion"},{"floor":7,"key":"AttackPotion"},{"floor":8,"key":"DuplicationPotion"}],"is_trial":false,"path_per_floor":["M","$","M","M","M","R","E","M","T","R","$","E","?","?","R","B",null,"M","?","M"],"character_chosen":"IRONCLAD","basemod:card_modifiers":[null,null,null,null,null,null,null,null,null,null,null,null,null,null,null,null,null,null],"items_purchased":["Uppercut","Orrery"],"campfire_rested":0,"item_purchase_floors":[2,11],"current_hp_per_floor":[73,72,72,72,64,64,46,47,47,47,47,35,35,24,24,11,57,26,26,0],"gold":227,"neow_bonus":"TWO_FIFTY_GOLD","is_prod":false,"is_daily":false,"chose_seed":false,"campfire_upgraded":3,"win_rate":0,"timestamp":1731738751,"path_taken":["M","$","?","M","M","R","E","M","T","R","?","E","?","?","R","BOSS","M","?","M"],"build_version":"2022-12-18","purchased_purges":2,"victory":false,"max_hp_per_floor":[75,72,72,72,72,72,72,72,72,72,72,72,72,72,72,72,72,72,72,72],"relic_stats":{"counters":[10,42],"Pandora\u0027s Box":["Corruption","Reaper","Berserk","Ghostly Armor","Headbutt","Pommel Strike","Clothesline","Corruption"],"Champion Belt":[11],"obtain_stats":[{"Orrery":11,"Pandora\u0027s Box":17,"Bag of Marbles":12,"Champion Belt":7,"Burning Blood":0},{"Orrery":6,"Pandora\u0027s Box":8,"Bag of Marbles":7,"Champion Belt":5,"Burning Blood":0},{"Orrery":18,"Pandora\u0027s Box":34,"Bag of Marbles":27,"Champion Belt":15,"Burning Blood":0}],"Burning Blood":47},"card_choices":[{"not_picked":["Searing Blow","Cleave"],"picked":"Anger","floor":1},{"not_picked":["Warcry","Ghostly Armor"],"picked":"Heavy Blade","floor":3},{"not_picked":["Sever Soul","Dual Wield","Combust"],"picked":"SKIP","floor":4},{"not_picked":["Anger","Heavy Blade","Iron Wave"],"picked":"SKIP","floor":5},{"not_picked":["Ghostly Armor","Sentinel"],"picked":"Inflame","floor":7},{"not_picked":["Flame Barrier","True Grit"],"picked":"Armaments","floor":8},{"not_picked":["True Grit","Flex"],"picked":"Pummel","floor":11},{"not_picked":["Sentinel","Twin Strike"],"picked":"Feel No Pain","floor":11},{"not_picked":["Feed","Sever Soul"],"picked":"Corruption","floor":12},{"not_picked":["Entrench","Iron Wave","Perfected Strike"],"picked":"SKIP","floor":18}],"player_experience":889303,"relics_obtained":[{"floor":7,"key":"Champion Belt"},{"floor":12,"key":"Bag of Marbles"}],"event_choices":[{"damage_healed":0,"gold_gain":0,"player_choice":"Ignored","damage_taken":0,"max_hp_gain":0,"max_hp_loss":0,"event_name":"Shining Light","floor":13,"gold_loss":0},{"damage_healed":0,"gold_gain":75,"player_choice":"Gather Gold","damage_taken":11,"max_hp_gain":0,"max_hp_loss":0,"event_name":"World of Goop","floor":14,"gold_loss":0},{"damage_healed":0,"gold_gain":0,"player_choice":"Ignored","damage_taken":0,"max_hp_gain":0,"max_hp_loss":0,"event_name":"WeMeetAgain","floor":19,"gold_loss":0}],"is_beta":false,"boss_relics":[{"not_picked":["Tiny House","Runic Cube"],"picked":"Pandora\u0027s Box"}],"items_purged_floors":[2,11],"is_endless":false,"potions_floor_spawned":[1,7,8],"killed_by":"Spheric Guardian","ascension_level":20}