{"gold_per_floor":[215,232,245,2,17,17,47,47,47,47,63,97,97,114,114,186,186,202,221,221,78,78,78,110,139,139,149,169,196,196,221,221,295,295,315,333,19,19,29,57,75,104,129,129,143,162,188,19,19,19,19,19,19,19,47,47],"floor_reached":57,"playtime":2701,"items_purged":["Strike_G","Strike_G","Skewer"],"score":3524,"play_id":"71bc33e1-8b03-4760-9082-b2dd14a8e05f","local_time":"20241116184226","is_ascension_mode":true,"campfire_choices":[{"data":"Blade Dance","floor":6.0,"key":"SMITH"},{"floor":8.0,"key":"REST"},{"data":"Poisoned Stab","floor":10.0,"key":"SMITH"},{"data":"Bouncing Flask","floor":15.0,"key":"SMITH"},{"data":"Wraith Form v2","floor":23.0,"key":"SMITH"},{"data":"Acrobatics","floor":30.0,"key":"SMITH"},{"data":"Calculated Gamble","floor":32.0,"key":"SMITH"},{"data":"Apotheosis","floor":44.0,"key":"SMITH"},{"floor":49.0,"key":"RECALL"},{"data":"Well Laid Plans","floor":53.0,"key":"SMITH"}],"neow_cost":"NONE","seed_source_timestamp":18641623148400,"circlet_count":0,"master_deck":["AscendersBane","Survivor","Neutralize","Underhanded Strike","Poisoned Stab+1","Flying Knee","Blade Dance+1","Adrenaline","Bouncing Flask+1","Adrenaline","Blur","Wraith Form v2+1","Backflip","Ghostly","Ghostly","Ghostly","Reflex","Calculated Gamble+1","Backflip+1","Finisher+1","Acrobatics+1","Well Laid Plans+1","Burst","Reflex","Escape Plan","Terror","Endless Agony","Concentrate","Deflect","Acrobatics","Apotheosis+1","Concentrate","Venomology","Night Terror","Acrobatics","Adrenaline"],"special_seed":0,"relics":["Ring of the Snake","Toolbox","TungstenRod","Unceasing Top","Mummified Hand","HoveringKite","Sundial","Red Mask","Question Card","Strawberry","Bottled Lightning","Pandora\u0027s Box","Vajra","Oddly Smooth Stone","PreservedInsect","Snake Skull"],"potions_floor_usage":[56,56],"damage_taken":[{"damage":14.0,"enemies":"Jaw Worm","floor":1.0,"turns":9.0},{"damage":4.0,"enemies":"Small Slimes","floor":2.0,"turns":4.0},{"damage":1.0,"enemies":"2 Louse","floor":3.0,"turns":2.0},{"damage":5.0,"enemies":"Red Slaver","floor":5.0,"turns":5.0},{"damage":16.0,"enemies":"Gremlin Nob","floor":7.0,"turns":4.0},{"damage":0.0,"enemies":"Large Slime","floor":11.0,"turns":2.0},{"damage":13.0,"enemies":"3 Sentries","floor":12.0,"turns":8.0},{"damage":0.0,"enemies":"Looter","floor":14.0,"turns":3.0},{"damage":7.0,"enemies":"Hexaghost","floor":16.0,"turns":9.0},{"damage":12.0,"enemies":"Shell Parasite","floor":18.0,"turns":6.0},{"damage":5.0,"enemies":"2 Thieves","floor":19.0,"turns":3.0},{"damage":16.0,"enemies":"Slavers","floor":24.0,"turns":8.0},{"damage":0.0,"enemies":"Masked Bandits","floor":25.0,"turns":6.0},{"damage":0.0,"enemies":"Chosen and Byrds","floor":27.0,"turns":7.0},{"damage":0.0,"enemies":"Snecko","floor":28.0,"turns":6.0},{"damage":0.0,"enemies":"Gremlin Leader","floor":29.0,"turns":7.0},{"damage":0.0,"enemies":"Slavers","floor":31.0,"turns":7.0},{"damage":6.0,"enemies":"Champ","floor":33.0,"turns":12.0},{"damage":0.0,"enemies":"3 Darklings","floor":35.0,"turns":5.0},{"damage":0.0,"enemies":"Orb Walker","floor":36.0,"turns":4.0},{"damage":0.0,"enemies":"Jaw Worm Horde","floor":39.0,"turns":4.0},{"damage":0.0,"enemies":"Nemesis","floor":40.0,"turns":5.0},{"damage":0.0,"enemies":"Writhing Mass","floor":41.0,"turns":3.0},{"damage":0.0,"enemies":"Reptomancer","floor":42.0,"turns":6.0},{"damage":0.0,"enemies":"Transient","floor":45.0,"turns":6.0},{"damage":0.0,"enemies":"Spire Growth","floor":46.0,"turns":3.0},{"damage":0.0,"enemies":"Giant Head","floor":47.0,"turns":2.0},{"damage":0.0,"enemies":"Awakened One","floor":50.0,"turns":5.0},{"damage":0.0,"enemies":"Donu and Deca","floor":51.0,"turns":6.0},{"damage":0.0,"enemies":"Shield and Spear","floor":55.0,"turns":3.0},{"damage":0,"enemies":"The Heart","floor":56,"turns":7}],"seed_played":"-8626069705783396942","potions_obtained":[{"floor":1.0,"key":"Block Potion"},{"floor":7.0,"key":"SmokeBomb"},{"floor":11.0,"key":"FearPotion"},{"floor":12.0,"key":"Strength Potion"},{"floor":16.0,"key":"Weak Potion"},{"floor":24.0,"key":"PowerPotion"},{"floor":25.0,"key":"Dexterity Potion"},{"floor":29.0,"key":"PowerPotion"},{"floor":31.0,"key":"Fire Potion"},{"floor":39.0,"key":"LiquidMemories"},{"floor":41.0,"key":"DuplicationPotion"},{"floor":55.0,"key":"FearPotion"}],"is_trial":false,"path_per_floor":["M","M","M","$","M","R","E","R","T","R","M","E","$","M","R","B",null,"M","M","?","$","?","R","E","?","T","M","M","E","R","E","R","B",null,"M","M","$","?","M","E","M","E","T","R","M","M","E","$","R","B","B",null,"R","$","E","B",null],"character_chosen":"THE_SILENT","basemod:card_modifiers":[null,null,null,null,null,null,null,null,null,null,null,null,null,null,null,null,null,null,null,null,null,null,null,null,null,null,null,null,null,null,null,null,null,null,null,null],"items_purchased":["Toolbox","Reflex","Apotheosis","Adrenaline"],"campfire_rested":1,"item_purchase_floors":[4,21,37,48],"current_hp_per_floor":[45,41,40,40,35,35,19,38,38,38,38,25,25,25,25,18,54,42,37,33,33,27,27,11,11,11,11,11,18,18,18,18,12,37,37,37,37,37,37,37,37,37,37,37,37,37,37,37,37,37,37,43,43,43,43,43],"gold":47,"neow_bonus":"HUNDRED_GOLD","is_prod":false,"is_daily":false,"chose_seed":false,"campfire_upgraded":8,"win_rate":0,"timestamp":1731750146,"path_taken":["M","M","M","$","M","R","E","R","T","R","M","E","$","M","R","BOSS","M","M","?","$","?","R","E","?","T","M","M","E","R","E","R","BOSS","M","M","$","?","?","E","M","E","T","R","M","M","E","$","R","BOSS","BOSS","R","$","E","BOSS"],"build_version":"2022-12-18","purchased_purges":3,"victory":true,"max_hp_per_floor":[66,66,66,66,66,66,66,66,66,66,66,66,66,66,66,66,66,66,66,33,33,38,38,38,38,38,38,38,45,45,45,45,45,45,45,45,45,45,45,45,45,45,45,45,45,45,45,45,45,45,45,45,45,45,45,45],"relic_stats":{"counters":[31,167],"HoveringKite":[60],"PreservedInsect":77,"Snake Skull":[11],"Question Card":15,"Mummified Hand":[55],"Sundial":[44],"Pandora\u0027s Box":["Reflex","Escape Plan","Poisoned Stab","Terror","Endless Agony","Concentrate","Deflect","Skewer"],"Bottled Lightning":"Acrobatics","obtain_stats":[{"HoveringKite":17,"Vajra":40,"Oddly Smooth Stone":42,"PreservedInsect":47,"Snake Skull":55,"Question Card":26,"Mummified Hand":12,"Sundial":24,"Strawberry":29,"Toolbox":4,"Pandora\u0027s Box":34,"Red Mask":25,"Bottled Lightning":31,"TungstenRod":7,"Unceasing Top":9,"Ring of the Snake":0},{"HoveringKite":9,"Vajra":22,"Oddly Smooth Stone":24,"PreservedInsect":27,"Snake Skull":30,"Question Card":13,"Mummified Hand":7,"Sundial":12,"Strawberry":16,"Toolbox":3,"Pandora\u0027s Box":18,"Red Mask":13,"Bottled Lightning":17,"TungstenRod":5,"Unceasing Top":5,"Ring of the Snake":0},{"HoveringKite":46,"Vajra":126,"Oddly Smooth Stone":135,"PreservedInsect":146,"Snake Skull":160,"Question Card":69,"Mummified Hand":34,"Sundial":63,"Strawberry":89,"Toolbox":15,"Pandora\u0027s Box":108,"Red Mask":69,"Bottled Lightning":96,"TungstenRod":24,"Unceasing Top":24,"Ring of the Snake":0}],"TungstenRod":196,"Unceasing Top":[6],"Ring of the Snake":[63]},"card_choices":[{"not_picked":["Footwork","Outmaneuver"],"picked":"Underhanded Strike","floor":1.0},{"not_picked":["Burst","Accuracy"],"picked":"Poisoned Stab","floor":2.0},{"not_picked":["Prepared","Tactician"],"picked":"Flying Knee","floor":3.0},{"not_picked":["Sucker Punch","Backflip"],"picked":"Blade Dance","floor":5.0},{"not_picked":["Escape Plan","Masterful Stab"],"picked":"Adrenaline","floor":7.0},{"not_picked":["Riddle With Holes","Well Laid Plans"],"picked":"Bouncing Flask","floor":11.0},{"not_picked":["Blur","Sucker Punch"],"picked":"Adrenaline","floor":12.0},{"not_picked":["Blade Dance","Flying Knee"],"picked":"Blur","floor":14.0},{"not_picked":["Unload","Storm of Steel"],"picked":"Wraith Form v2","floor":16.0},{"not_picked":["Blade Dance","Infinite Blades"],"picked":"Backflip","floor":18.0},{"not_picked":["Dagger Throw","Quick Slash","Flying Knee"],"picked":"SKIP","floor":19.0},{"not_picked":["Deadly Poison","Choke"],"picked":"Calculated Gamble","floor":24.0},{"not_picked":["Underhanded Strike","Blur","Bane"],"picked":"Backflip+1","floor":27.0},{"not_picked":["Dodge and Roll+1","Underhanded Strike","Dagger Spray"],"picked":"Finisher+1","floor":28.0},{"not_picked":["PiercingWail","Backflip","Storm of Steel"],"picked":"Acrobatics","floor":29.0},{"not_picked":["Dodge and Roll","Dagger Throw","Dagger Spray"],"picked":"Well Laid Plans","floor":31.0},{"not_picked":["Die Die Die","Adrenaline","Unload"],"picked":"Burst","floor":33.0},{"not_picked":["Underhanded Strike","Backstab","Leg Sweep","Choke"],"picked":"SKIP","floor":35.0},{"not_picked":["Bouncing Flask","Dagger Throw","Slice+1"],"picked":"Acrobatics","floor":36.0},{"not_picked":["Predator+1","Dodge and Roll","Sucker Punch"],"picked":"Venomology","floor":39.0},{"not_picked":["Dagger Spray","Poisoned Stab","Backstab"],"picked":"Night Terror","floor":40.0},{"not_picked":["Quick Slash","Backflip+1","Crippling Poison","Dagger Spray"],"picked":"SKIP","floor":41.0},{"not_picked":["Poisoned Stab","Choke","Deadly Poison","Footwork"],"picked":"SKIP","floor":42.0},{"not_picked":["Finisher+1","Blur","Sucker Punch+1","Distraction"],"picked":"SKIP","floor":45.0},{"not_picked":["Concentrate","Deflect+1","Well Laid Plans","Escape Plan+1"],"picked":"SKIP","floor":46.0},{"not_picked":["Crippling Poison","Endless Agony","Well Laid Plans"],"picked":"Acrobatics","floor":47.0},{"not_picked":["Poisoned Stab+1","Bane","Outmaneuver","Backflip"],"picked":"SKIP","floor":55.0}],"player_experience":895564,"relics_obtained":[{"floor":7.0,"key":"TungstenRod"},{"floor":9.0,"key":"Unceasing Top"},{"floor":12.0,"key":"Mummified Hand"},{"floor":24.0,"key":"Sundial"},{"floor":25.0,"key":"Red Mask"},{"floor":26.0,"key":"Question Card"},{"floor":29.0,"key":"Strawberry"},{"floor":31.0,"key":"Bottled Lightning"},{"floor":40.0,"key":"Vajra"},{"floor":42.0,"key":"Oddly Smooth Stone"},{"floor":47.0,"key":"PreservedInsect"},{"floor":55.0,"key":"Snake Skull"}],"event_choices":[{"damage_healed":0.0,"max_hp_gain":0.0,"max_hp_loss":33.0,"gold_gain":0.0,"event_name":"Ghosts","player_choice":"Became a Ghost","floor":20.0,"gold_loss":0.0,"damage_taken":0.0,"cards_obtained":["Ghostly","Ghostly","Ghostly"]},{"damage_healed":0.0,"max_hp_gain":5.0,"max_hp_loss":0.0,"gold_gain":0.0,"event_name":"Forgotten Altar","player_choice":"Shed Blood","floor":22.0,"gold_loss":0.0,"damage_taken":12.0},{"damage_healed":0.0,"max_hp_gain":0.0,"max_hp_loss":0.0,"gold_gain":0.0,"event_name":"Masked Bandits","player_choice":"Fought Bandits","floor":25.0,"gold_loss":0.0,"damage_taken":0.0},{"damage_healed":0.0,"max_hp_gain":0.0,"max_hp_loss":0.0,"gold_gain":0.0,"cards_transformed":["Poisoned Stab"],"event_name":"Transmorgrifier","player_choice":"Transformed","floor":38.0,"gold_loss":0.0,"damage_taken":0.0,"cards_obtained":["Concentrate"]}],"is_beta":false,"boss_relics":[{"not_picked":["SlaversCollar","SacredBark"],"picked":"HoveringKite"},{"not_picked":["Snecko Eye","Fusion Hammer"],"picked":"Pandora\u0027s Box"}],"items_purged_floors":[4,21,37],"is_endless":false,"potions_floor_spawned":[1,7,11,12,16,24,25,27,29,31,39,41,45,47,55],"ascension_level":20}