{"gold_per_floor":[18,29,42,2,16,16,16,16,16,36,36,64,78,153,153,226,226,239,77,94,109,138,138,165,215,267,267,300,314,331,57,57,132,132,148,163,173,63,77,77,95,125,125,159,159,170,170,199,199,199,199],"floor_reached":51,"playtime":1870,"items_purged":["Strike_G","Strike_G"],"score":1508,"play_id":"4b80957a-bed5-4c22-8c15-d24bc9b2b47d","local_time":"20241114210647","is_ascension_mode":true,"campfire_choices":[{"data":"Flechettes","floor":6.0,"key":"SMITH"},{"data":"Footwork","floor":8.0,"key":"SMITH"},{"data":"Bouncing Flask","floor":15.0,"key":"SMITH"},{"data":"Footwork","floor":23.0,"key":"SMITH"},{"data":"Backflip","floor":32.0,"key":"SMITH"},{"data":"Venomology","floor":40.0,"key":"SMITH"},{"floor":45.0,"key":"RECALL"},{"data":"Adrenaline","floor":47.0,"key":"SMITH"},{"data":"Adrenaline","floor":49.0,"key":"SMITH"}],"neow_cost":"NO_GOLD","seed_source_timestamp":13725887909300,"circlet_count":0,"master_deck":["AscendersBane","Defend_G","Defend_G","Defend_G","Defend_G","Survivor","Neutralize","Flechettes+1","Escape Plan","Crippling Poison","Footwork+1","Bouncing Flask+1","Corpse Explosion","Flechettes+1","Caltrops+1","Glass Knife+1","Deflect+1","Footwork+1","Backflip+1","Catalyst+1","Venomology+1","PiercingWail","Acrobatics+1","Adrenaline+1","Adrenaline+1","Footwork+1","Catalyst+1"],"special_seed":0,"relics":["Ring of the Snake","Tingsha","White Beast Statue","Meat on the Bone","Letter Opener","Astrolabe","Red Mask","Pear","Potion Belt","The Courier","TwistedFunnel","Philosopher\u0027s Stone","Paper Crane","Ornamental Fan","Blood Vial"],"potions_floor_usage":[51,51,51],"damage_taken":[{"damage":1.0,"enemies":"Small Slimes","floor":1.0,"turns":3.0},{"damage":2.0,"enemies":"Jaw Worm","floor":2.0,"turns":5.0},{"damage":4.0,"enemies":"Cultist","floor":3.0,"turns":4.0},{"damage":4.0,"enemies":"Looter","floor":4.0,"turns":4.0},{"damage":7.0,"enemies":"Gremlin Gang","floor":5.0,"turns":6.0},{"damage":3.0,"enemies":"Blue Slaver","floor":10.0,"turns":4.0},{"damage":32.0,"enemies":"Lagavulin","floor":12.0,"turns":12.0},{"damage":1.0,"enemies":"Large Slime","floor":13.0,"turns":6.0},{"damage":6.0,"enemies":"Hexaghost","floor":16.0,"turns":7.0},{"damage":24.0,"enemies":"2 Thieves","floor":18.0,"turns":3.0},{"damage":18.0,"enemies":"Shell Parasite","floor":20.0,"turns":5.0},{"damage":13.0,"enemies":"Cultist and Chosen","floor":21.0,"turns":7.0},{"damage":12.0,"enemies":"Masked Bandits","floor":22.0,"turns":2.0},{"damage":8.0,"enemies":"Book of Stabbing","floor":24.0,"turns":5.0},{"damage":21.0,"enemies":"Slavers","floor":28.0,"turns":7.0},{"damage":36.0,"enemies":"Shelled Parasite and Fungi","floor":29.0,"turns":5.0},{"damage":21.0,"enemies":"Snake Plant","floor":30.0,"turns":3.0},{"damage":2.0,"enemies":"Automaton","floor":33.0,"turns":6.0},{"damage":0.0,"enemies":"3 Shapes","floor":35.0,"turns":3.0},{"damage":0.0,"enemies":"3 Darklings","floor":36.0,"turns":2.0},{"damage":4.0,"enemies":"Maw","floor":37.0,"turns":5.0},{"damage":32.0,"enemies":"Spire Growth","floor":39.0,"turns":5.0},{"damage":0.0,"enemies":"3 Darklings","floor":41.0,"turns":1.0},{"damage":12.0,"enemies":"Reptomancer","floor":42.0,"turns":6.0},{"damage":24.0,"enemies":"Nemesis","floor":44.0,"turns":7.0},{"damage":0.0,"enemies":"Jaw Worm Horde","floor":46.0,"turns":3.0},{"damage":0.0,"enemies":"Reptomancer","floor":48.0,"turns":5.0},{"damage":37.0,"enemies":"Awakened One","floor":50.0,"turns":16.0},{"damage":37,"enemies":"Donu and Deca","floor":51,"turns":6}],"seed_played":"1724045098510754826","potions_obtained":[{"floor":1.0,"key":"LiquidMemories"},{"floor":10.0,"key":"Energy Potion"},{"floor":12.0,"key":"LiquidMemories"},{"floor":13.0,"key":"CunningPotion"},{"floor":16.0,"key":"Fire Potion"},{"floor":18.0,"key":"CunningPotion"},{"floor":20.0,"key":"GamblersBrew"},{"floor":21.0,"key":"CunningPotion"},{"floor":22.0,"key":"Weak Potion"},{"floor":24.0,"key":"AttackPotion"},{"floor":28.0,"key":"FairyPotion"},{"floor":29.0,"key":"FearPotion"},{"floor":30.0,"key":"Energy Potion"},{"floor":33.0,"key":"Poison Potion"},{"floor":35.0,"key":"PowerPotion"},{"floor":39.0,"key":"Swift Potion"},{"floor":42.0,"key":"Weak Potion"},{"floor":44.0,"key":"EntropicBrew"}],"is_trial":false,"path_per_floor":["M","M","M","M","M","R","?","R","T","M","T","E","M","?","R","B",null,"M","$","M","M","?","R","E","?","T","?","E","M","M","$","R","B",null,"M","M","M","?","M","R","M","E","T","E","R","M","R","E","R","B","B"],"character_chosen":"THE_SILENT","basemod:card_modifiers":[null,null,null,null,null,null,null,null,null,null,null,null,null,null,null,null,null,null,null,null,null,null,null,null,null,null,null],"items_purchased":["Footwork","TwistedFunnel","LiquidMemories"],"campfire_rested":0,"item_purchase_floors":[19,31,31],"current_hp_per_floor":[58,56,52,48,41,41,41,41,41,38,38,18,29,18,18,24,56,44,44,38,37,37,37,51,51,51,51,42,18,34,34,34,44,68,68,68,64,64,41,41,41,41,41,29,29,41,41,41,41,33,0],"gold":199,"neow_bonus":"ONE_RARE_RELIC","is_prod":false,"is_daily":false,"chose_seed":false,"campfire_upgraded":8,"win_rate":0,"timestamp":1731586007,"path_taken":["M","M","M","M","M","R","?","R","T","M","?","E","?","?","R","BOSS","M","$","M","M","?","R","E","?","T","?","E","?","M","$","R","BOSS","M","?","M","?","M","R","M","E","T","E","R","?","R","E","R","BOSS","BOSS"],"build_version":"2022-12-18","purchased_purges":2,"victory":false,"max_hp_per_floor":[66,66,66,66,66,66,66,66,66,66,66,66,66,66,66,66,66,66,66,66,66,66,66,76,76,76,76,76,76,76,76,76,76,76,76,76,76,76,76,76,76,76,76,76,76,76,76,76,76,76,76],"relic_stats":{"Blood Vial":4,"counters":[29,153],"Ornamental Fan":[0],"Astrolabe":["Flechettes","Caltrops","Glass Knife"],"Tingsha":[126],"The Courier":69,"Letter Opener":[360],"obtain_stats":[{"Potion Belt":26,"TwistedFunnel":31,"Pear":24,"Astrolabe":17,"Tingsha":0,"The Courier":28,"Letter Opener":12,"Paper Crane":42,"White Beast Statue":9,"Blood Vial":48,"Ornamental Fan":44,"Philosopher\u0027s Stone":34,"Red Mask":22,"Ring of the Snake":0,"Meat on the Bone":11},{"Potion Belt":14,"TwistedFunnel":17,"Pear":14,"Astrolabe":9,"Tingsha":0,"The Courier":15,"Letter Opener":7,"Paper Crane":24,"White Beast Statue":5,"Blood Vial":27,"Ornamental Fan":25,"Philosopher\u0027s Stone":18,"Red Mask":13,"Ring of the Snake":0,"Meat on the Bone":6},{"Potion Belt":73,"TwistedFunnel":88,"Pear":73,"Astrolabe":51,"Tingsha":0,"The Courier":80,"Letter Opener":38,"Paper Crane":116,"White Beast Statue":22,"Blood Vial":131,"Ornamental Fan":123,"Philosopher\u0027s Stone":94,"Red Mask":68,"Ring of the Snake":0,"Meat on the Bone":26}],"White Beast Statue":[0.0,0.023354880000000015,0.0,0.25910118400000015,0.0,0.49384089600000036,0.0,0.20870400000000014,0.0,0.014999040000000009,0.0,10.724617728000004],"Ring of the Snake":[58],"Meat on the Bone":192},"card_choices":[{"not_picked":["Leg Sweep","Backflip"],"picked":"Flechettes","floor":1.0},{"not_picked":["Dagger Spray","Slice"],"picked":"Escape Plan","floor":2.0},{"not_picked":["Slice","Accuracy"],"picked":"Crippling Poison","floor":3.0},{"not_picked":["Leg Sweep","Flechettes","Flying Knee"],"picked":"SKIP","floor":4.0},{"not_picked":["Prepared","Cloak And Dagger"],"picked":"Footwork","floor":5.0},{"not_picked":["Cloak And Dagger","Sucker Punch","Flying Knee"],"picked":"SKIP","floor":10.0},{"not_picked":["Blade Dance","Dodge and Roll"],"picked":"Bouncing Flask","floor":12.0},{"not_picked":["Choke","Deflect","Dodge and Roll"],"picked":"SKIP","floor":13.0},{"not_picked":["Grand Finale","Envenom"],"picked":"Corpse Explosion","floor":16.0},{"not_picked":["Blade Dance+1","Crippling Poison"],"picked":"Deflect+1","floor":18.0},{"not_picked":["Acrobatics","Setup"],"picked":"Backflip","floor":20.0},{"not_picked":["Quick Slash","Bouncing Flask+1","All Out Attack"],"picked":"SKIP","floor":21.0},{"not_picked":["Underhanded Strike+1","Blur"],"picked":"Catalyst+1","floor":24.0},{"not_picked":["Deflect","Sucker Punch","Footwork"],"picked":"SKIP","floor":28.0},{"not_picked":["Cloak And Dagger","Predator","Dash"],"picked":"SKIP","floor":29.0},{"not_picked":["Deadly Poison","Bane+1","Slice"],"picked":"SKIP","floor":30.0},{"not_picked":["Malaise","Storm of Steel"],"picked":"Venomology","floor":33.0},{"not_picked":["Noxious Fumes","Dodge and Roll"],"picked":"PiercingWail","floor":35.0},{"not_picked":["Dagger Throw","Noxious Fumes"],"picked":"Acrobatics","floor":36.0},{"not_picked":["Eviscerate","Slice","Dagger Throw"],"picked":"SKIP","floor":37.0},{"not_picked":["Underhanded Strike+1","PiercingWail","Slice"],"picked":"SKIP","floor":39.0},{"not_picked":["Acrobatics","Slice"],"picked":"Adrenaline","floor":41.0},{"not_picked":["Setup","Flying Knee+1","Dagger Throw"],"picked":"SKIP","floor":42.0},{"not_picked":["Acrobatics","Slice+1"],"picked":"Adrenaline","floor":44.0},{"not_picked":["Crippling Poison","Caltrops"],"picked":"Footwork+1","floor":46.0},{"not_picked":["Sucker Punch","Footwork"],"picked":"Catalyst+1","floor":48.0}],"player_experience":874675,"relics_obtained":[{"floor":9.0,"key":"White Beast Statue"},{"floor":11.0,"key":"Meat on the Bone"},{"floor":12.0,"key":"Letter Opener"},{"floor":22.0,"key":"Red Mask"},{"floor":24.0,"key":"Pear"},{"floor":26.0,"key":"Potion Belt"},{"floor":28.0,"key":"The Courier"},{"floor":42.0,"key":"Paper Crane"},{"floor":44.0,"key":"Ornamental Fan"},{"floor":48.0,"key":"Blood Vial"}],"event_choices":[{"damage_healed":0.0,"max_hp_gain":0.0,"max_hp_loss":0.0,"gold_gain":0.0,"event_name":"Liars Game","player_choice":"Ignored","floor":7.0,"gold_loss":0.0,"damage_taken":0.0},{"damage_healed":0.0,"max_hp_gain":0.0,"max_hp_loss":0.0,"gold_gain":75.0,"event_name":"World of Goop","player_choice":"Gather Gold","floor":14.0,"gold_loss":0.0,"damage_taken":11.0},{"damage_healed":0.0,"max_hp_gain":0.0,"max_hp_loss":0.0,"gold_gain":0.0,"event_name":"Masked Bandits","player_choice":"Fought Bandits","floor":22.0,"gold_loss":0.0,"damage_taken":0.0},{"damage_healed":0.0,"max_hp_gain":0.0,"max_hp_loss":0.0,"gold_gain":50.0,"event_name":"Nest","player_choice":"Stole From Cult","floor":25.0,"gold_loss":0.0,"damage_taken":0.0},{"damage_healed":0.0,"max_hp_gain":0.0,"max_hp_loss":0.0,"gold_gain":0.0,"event_name":"Cursed Tome","player_choice":"Ignored","floor":27.0,"gold_loss":0.0,"damage_taken":0.0},{"cards_removed":["Strike_G"],"damage_healed":0.0,"max_hp_gain":0.0,"max_hp_loss":0.0,"gold_gain":0.0,"event_name":"Designer","player_choice":"Upgrade and Remove","floor":38.0,"gold_loss":110.0,"damage_taken":0.0,"cards_upgraded":["Acrobatics"]}],"is_beta":false,"boss_relics":[{"not_picked":["Calling Bell","SlaversCollar"],"picked":"Astrolabe"},{"not_picked":["Empty Cage","Runic Pyramid"],"picked":"Philosopher\u0027s Stone"}],"items_purged_floors":[19,31],"is_endless":false,"potions_floor_spawned":[1,10,12,13,16,18,20,21,22,24,28,29,30,33,35,36,37,39,41,42,44,46,48],"killed_by":"Donu and Deca","ascension_level":20}