{"gold_per_floor":[112,124,136,136,61,61,80,115,139,139,23,36,61,75,75,147,147,161,181,181,208,258,258,285,304,328,363,383,403,403,422,422,495,495,508,508,533,543,562,562],"floor_reached":40,"playtime":1693,"items_purged":["Strike_G"],"score":1040,"play_id":"06530620-9d33-4949-bc89-938ab42ce8a0","local_time":"20241115222446","is_ascension_mode":true,"campfire_choices":[{"data":"Blade Dance","floor":6.0,"key":"SMITH"},{"floor":10.0,"key":"REST"},{"data":"Well Laid Plans","floor":15.0,"key":"SMITH"},{"floor":23.0,"key":"REST"},{"data":"Acrobatics","floor":30.0,"key":"SMITH"},{"data":"Blade Dance","floor":32.0,"key":"SMITH"}],"neow_cost":"PERCENT_DAMAGE","seed_source_timestamp":2278364109600,"circlet_count":0,"master_deck":["AscendersBane","Strike_G","Strike_G","Defend_G","Defend_G","Defend_G","Defend_G","Survivor","Neutralize","Blade Dance+1","Finisher","Calculated Gamble","Adrenaline","Well Laid Plans+1","Bouncing Flask","Finisher","Venomology","Blade Dance+1","Acrobatics+1","Acrobatics","Night Terror","Escape Plan"],"special_seed":0,"relics":["Ring of the Snake","Orichalcum","Tiny Chest","Regal Pillow","WristBlade","Red Mask","Bronze Scales","InkBottle","Cursed Key","Bird Faced Urn"],"potions_floor_usage":[40,40],"damage_taken":[{"damage":1.0,"enemies":"Small Slimes","floor":1.0,"turns":3.0},{"damage":5.0,"enemies":"2 Louse","floor":2.0,"turns":3.0},{"damage":0.0,"enemies":"Jaw Worm","floor":3.0,"turns":2.0},{"damage":5.0,"enemies":"Large Slime","floor":7.0,"turns":5.0},{"damage":20.0,"enemies":"Lagavulin","floor":8.0,"turns":4.0},{"damage":0.0,"enemies":"Looter","floor":12.0,"turns":2.0},{"damage":9.0,"enemies":"3 Sentries","floor":13.0,"turns":6.0},{"damage":10.0,"enemies":"Gremlin Gang","floor":14.0,"turns":3.0},{"damage":0.0,"enemies":"Hexaghost","floor":16.0,"turns":6.0},{"damage":0.0,"enemies":"Spheric Guardian","floor":18.0,"turns":1.0},{"damage":0.0,"enemies":"Chosen","floor":19.0,"turns":2.0},{"damage":32.0,"enemies":"Masked Bandits","floor":21.0,"turns":4.0},{"damage":0.0,"enemies":"3 Cultists","floor":25.0,"turns":2.0},{"damage":0.0,"enemies":"Gremlin Leader","floor":27.0,"turns":5.0},{"damage":3.0,"enemies":"Snake Plant","floor":28.0,"turns":3.0},{"damage":0.0,"enemies":"Sentry and Sphere","floor":29.0,"turns":3.0},{"damage":14.0,"enemies":"Snecko","floor":31.0,"turns":4.0},{"damage":18.0,"enemies":"Champ","floor":33.0,"turns":4.0},{"damage":2.0,"enemies":"Orb Walker","floor":35.0,"turns":2.0},{"damage":6.0,"enemies":"Mind Bloom Boss Battle","floor":37.0,"turns":6.0},{"damage":2.0,"enemies":"3 Darklings","floor":38.0,"turns":3.0},{"damage":9.0,"enemies":"Writhing Mass","floor":39.0,"turns":7.0},{"damage":10,"enemies":"Reptomancer","floor":40,"turns":4}],"seed_played":"6999750163098844560","potions_obtained":[{"floor":3.0,"key":"Weak Potion"},{"floor":7.0,"key":"SpeedPotion"},{"floor":8.0,"key":"ColorlessPotion"},{"floor":21.0,"key":"AttackPotion"},{"floor":28.0,"key":"CunningPotion"},{"floor":29.0,"key":"FearPotion"},{"floor":35.0,"key":"AttackPotion"}],"is_trial":false,"path_per_floor":["M","M","M","?","?","R","M","E","T","R","$","M","E","M","R","B",null,"M","M","?","?","?","R","T","M","T","E","M","M","R","M","R","B",null,"M","?","?","M","M","E"],"character_chosen":"THE_SILENT","basemod:card_modifiers":[null,null,null,null,null,null,null,null,null,null,null,null,null,null,null,null,null,null,null,null,null,null],"items_purchased":["Well Laid Plans"],"campfire_rested":2,"item_purchase_floors":[11],"current_hp_per_floor":[43,38,38,38,38,38,33,13,13,32,32,32,23,13,13,13,53,53,53,53,21,21,55,55,55,55,55,52,52,52,38,38,20,55,53,53,47,45,40,32],"gold":562,"neow_bonus":"REMOVE_TWO","is_prod":false,"is_daily":false,"chose_seed":false,"campfire_upgraded":4,"win_rate":0,"timestamp":1731677086,"path_taken":["M","M","M","?","?","R","M","E","T","R","$","M","E","M","R","BOSS","M","M","?","?","?","R","?","M","T","E","M","?","R","M","R","BOSS","M","?","?","M","M","E"],"build_version":"2022-12-18","purchased_purges":1,"victory":false,"max_hp_per_floor":[66,66,66,66,66,66,66,66,66,66,66,66,66,66,66,66,66,66,66,66,66,66,66,66,66,66,66,66,66,66,66,66,66,66,66,66,66,66,66,66],"relic_stats":{"Regal Pillow":15,"counters":[23,84],"Bronze Scales":[67],"Bird Faced Urn":[6],"Tiny Chest":1,"Orichalcum":[156],"Cursed Key":0,"obtain_stats":[{"Regal Pillow":13,"WristBlade":17,"Bronze Scales":24,"Bird Faced Urn":37,"Tiny Chest":9,"Red Mask":21,"Orichalcum":8,"Cursed Key":34,"InkBottle":27,"Ring of the Snake":0},{"Regal Pillow":7,"WristBlade":9,"Bronze Scales":12,"Bird Faced Urn":20,"Tiny Chest":5,"Red Mask":12,"Orichalcum":5,"Cursed Key":18,"InkBottle":14,"Ring of the Snake":0},{"Regal Pillow":25,"WristBlade":34,"Bronze Scales":41,"Bird Faced Urn":70,"Tiny Chest":17,"Red Mask":41,"Orichalcum":17,"Cursed Key":62,"InkBottle":48,"Ring of the Snake":0}],"InkBottle":[25],"Ring of the Snake":[46]},"card_choices":[{"not_picked":["Slice","Underhanded Strike"],"picked":"Blade Dance","floor":1.0},{"not_picked":["Bane","Riddle With Holes"],"picked":"Finisher","floor":2.0},{"not_picked":["Tactician","Riddle With Holes"],"picked":"Flying Knee","floor":3.0},{"not_picked":["Sucker Punch","Dodge and Roll"],"picked":"Calculated Gamble","floor":7.0},{"not_picked":["Cloak And Dagger","Backflip"],"picked":"Adrenaline","floor":8.0},{"not_picked":["Footwork","Predator"],"picked":"Bouncing Flask","floor":12.0},{"not_picked":["Flying Knee","Distraction"],"picked":"Finisher","floor":13.0},{"not_picked":["Infinite Blades","Bane","Deflect"],"picked":"SKIP","floor":14.0},{"not_picked":["Storm of Steel","Envenom"],"picked":"Venomology","floor":16.0},{"not_picked":["Deadly Poison","Quick Slash"],"picked":"Blade Dance","floor":18.0},{"not_picked":["Cloak And Dagger","Masterful Stab","Slice"],"picked":"SKIP","floor":19.0},{"not_picked":["Leg Sweep","Deadly Poison"],"picked":"Acrobatics","floor":21.0},{"not_picked":["Dodge and Roll","Quick Slash"],"picked":"Acrobatics","floor":25.0},{"not_picked":["Outmaneuver","Sucker Punch","Unload"],"picked":"SKIP","floor":27.0},{"not_picked":["Underhanded Strike","Prepared","Expertise"],"picked":"SKIP","floor":28.0},{"not_picked":["Backstab","Finisher","Prepared"],"picked":"SKIP","floor":29.0},{"not_picked":["Eviscerate","Bane","Expertise"],"picked":"SKIP","floor":31.0},{"not_picked":["A Thousand Cuts","Bullet Time"],"picked":"Night Terror","floor":33.0},{"not_picked":["Noxious Fumes","Dodge and Roll"],"picked":"Escape Plan","floor":35.0},{"not_picked":["Terror","Flechettes+1","Leg Sweep+1"],"picked":"SKIP","floor":38.0},{"not_picked":["Acrobatics","Backflip","Accuracy"],"picked":"SKIP","floor":39.0}],"player_experience":877929,"relics_obtained":[{"floor":8.0,"key":"Orichalcum"},{"floor":9.0,"key":"Tiny Chest"},{"floor":13.0,"key":"Regal Pillow"},{"floor":21.0,"key":"Red Mask"},{"floor":24.0,"key":"Bronze Scales"},{"floor":27.0,"key":"InkBottle"},{"floor":37.0,"key":"Bird Faced Urn"}],"event_choices":[{"damage_healed":0.0,"max_hp_gain":0.0,"max_hp_loss":0.0,"gold_gain":0.0,"event_name":"Scrap Ooze","player_choice":"Fled","floor":4.0,"gold_loss":0.0,"damage_taken":0.0},{"cards_removed":["Strike_G"],"damage_healed":0.0,"max_hp_gain":0.0,"max_hp_loss":0.0,"gold_gain":0.0,"event_name":"The Cleric","player_choice":"Card Removal","floor":5.0,"gold_loss":75.0,"damage_taken":0.0},{"damage_healed":0.0,"max_hp_gain":0.0,"max_hp_loss":0.0,"gold_gain":0.0,"event_name":"The Mausoleum","player_choice":"Ignored","floor":20.0,"gold_loss":0.0,"damage_taken":0.0},{"damage_healed":0.0,"max_hp_gain":0.0,"max_hp_loss":0.0,"gold_gain":0.0,"event_name":"Masked Bandits","player_choice":"Fought Bandits","floor":21.0,"gold_loss":0.0,"damage_taken":0.0},{"damage_healed":0.0,"max_hp_gain":0.0,"max_hp_loss":0.0,"gold_gain":50.0,"event_name":"Golden Shrine","player_choice":"Pray","floor":22.0,"gold_loss":0.0,"damage_taken":0.0},{"cards_removed":["Flying Knee"],"damage_healed":0.0,"max_hp_gain":0.0,"max_hp_loss":0.0,"gold_gain":0.0,"event_name":"Falling","player_choice":"Removed Attack","floor":36.0,"gold_loss":0.0,"damage_taken":0.0},{"damage_healed":0.0,"max_hp_gain":0.0,"max_hp_loss":0.0,"gold_gain":0.0,"event_name":"MindBloom","player_choice":"Fight","floor":37.0,"gold_loss":0.0,"damage_taken":0.0}],"is_beta":false,"boss_relics":[{"not_picked":["Ring of the Serpent","HoveringKite"],"picked":"WristBlade"},{"not_picked":["Sozu","Fusion Hammer"],"picked":"Cursed Key"}],"items_purged_floors":[11],"is_endless":false,"potions_floor_spawned":[3,7,8,21,28,29,35,38],"killed_by":"Reptomancer","ascension_level":20}