{"gold_per_floor":[110,128,53,71,71,105,115,115,115,115],"floor_reached":10,"playtime":262,"items_purged":["Strike_G"],"score":136,"play_id":"572045b9-c1c2-4b4f-98b6-db0f6a34d490","local_time":"20241113232034","is_ascension_mode":true,"campfire_choices":[{"floor":8,"key":"REST"}],"neow_cost":"NONE","seed_source_timestamp":1148759121300,"circlet_count":0,"master_deck":["AscendersBane","Strike_G","Strike_G","Strike_G","Strike_G","Defend_G","Defend_G","Defend_G","Defend_G","Defend_G","Survivor","Neutralize","Acrobatics","Slice","Underhanded Strike","Noxious Fumes","Prepared","Flechettes"],"relics":["Ring of the Snake","NeowsBlessing","Prayer Wheel","TungstenRod"],"potions_floor_usage":[6],"damage_taken":[{"damage":0,"enemies":"Cultist","floor":1,"turns":1},{"damage":0,"enemies":"Small Slimes","floor":2,"turns":1},{"damage":0,"enemies":"Jaw Worm","floor":4,"turns":1},{"damage":57,"enemies":"Lagavulin","floor":6,"turns":8},{"damage":3,"enemies":"Looter","floor":7,"turns":3},{"damage":29,"enemies":"Gremlin Nob","floor":10,"turns":4}],"seed_played":"567841176934985618","potions_obtained":[{"floor":1,"key":"Regen Potion"},{"floor":7,"key":"Strength Potion"}],"is_trial":false,"path_per_floor":["M","M","$","M","?","E","M","R","T","E"],"character_chosen":"THE_SILENT","basemod:card_modifiers":[null,null,null,null,null,null,null,null,null,null,null,null,null,null,null,null,null,null],"items_purchased":[],"campfire_rested":1,"item_purchase_floors":[],"current_hp_per_floor":[59,59,59,59,59,14,11,30,30,1],"gold":115,"neow_bonus":"THREE_ENEMY_KILL","is_prod":false,"is_daily":false,"chose_seed":false,"campfire_upgraded":0,"win_rate":0,"timestamp":1731507634,"path_taken":["M","M","?","?","?","E","M","R","T","E"],"build_version":"2022-12-18","purchased_purges":1,"victory":false,"max_hp_per_floor":[66,66,66,66,66,66,66,66,66,66],"relic_stats":{"counters":[6,18],"Prayer Wheel":1,"obtain_stats":[{"NeowsBlessing":0,"Prayer Wheel":6,"TungstenRod":9,"Ring of the Snake":0},{"NeowsBlessing":0,"Prayer Wheel":4,"TungstenRod":5,"Ring of the Snake":0},{"NeowsBlessing":0,"Prayer Wheel":11,"TungstenRod":14,"Ring of the Snake":0}],"TungstenRod":2,"Ring of the Snake":[12]},"card_choices":[{"not_picked":["Setup","Cloak And Dagger"],"picked":"Acrobatics","floor":1},{"not_picked":["Calculated Gamble","Sucker Punch"],"picked":"Slice","floor":2},{"not_picked":["Riddle With Holes","Outmaneuver"],"picked":"Underhanded Strike","floor":4},{"not_picked":["PiercingWail","Dash"],"picked":"Noxious Fumes","floor":6},{"not_picked":["Caltrops","Backflip"],"picked":"Prepared","floor":7},{"not_picked":["Crippling Poison","Setup"],"picked":"Flechettes","floor":7}],"player_experience":870612,"relics_obtained":[{"floor":6,"key":"Prayer Wheel"},{"floor":9,"key":"TungstenRod"}],"event_choices":[{"damage_healed":0,"gold_gain":0,"player_choice":"Leave","damage_taken":0,"max_hp_gain":0,"max_hp_loss":0,"event_name":"The Cleric","floor":5,"gold_loss":0}],"is_beta":false,"boss_relics":[],"items_purged_floors":[3],"is_endless":false,"potions_floor_spawned":[1,7],"killed_by":"Gremlin Nob","ascension_level":20}