{"gold_per_floor":[115,115,128,53,65,65,65,97,162,174,220,250,262,289,301,384,396,428,454,391,328,340,340,340],"floor_reached":24,"playtime":756,"items_purged":["Poisoned Stab"],"score":412,"play_id":"03e1ee29-c557-4aab-9968-63160da44bbf","local_time":"20241115224921","is_ascension_mode":true,"campfire_choices":[{"data":"Bouncing Flask","floor":6.0,"key":"SMITH"},{"floor":10.0,"key":"REST"},{"floor":15.0,"key":"REST"},{"data":"Night Terror","floor":23,"key":"SMITH"}],"neow_cost":"NONE","seed_source_timestamp":4793981769800,"circlet_count":0,"master_deck":["AscendersBane","Survivor+1","Neutralize","Bouncing Flask+1","Escape Plan","All Out Attack","Footwork","After Image","Burst","Finisher","Phantasmal Killer","Slice","Leg Sweep","Reflex","Concentrate","Night Terror+1","Backflip","Escape Plan","Catalyst"],"special_seed":0,"relics":["Ring of the Snake","Toy Ornithopter","MawBank","Snake Skull","White Beast Statue","Pandora\u0027s Box"],"potions_floor_usage":[22],"damage_taken":[{"damage":0.0,"enemies":"Jaw Worm","floor":1.0,"turns":8.0},{"damage":0.0,"enemies":"2 Louse","floor":3.0,"turns":3.0},{"damage":1.0,"enemies":"Small Slimes","floor":5.0,"turns":3.0},{"damage":34.0,"enemies":"3 Sentries","floor":8.0,"turns":10.0},{"damage":16.0,"enemies":"Lagavulin","floor":11.0,"turns":4.0},{"damage":6.0,"enemies":"Exordium Thugs","floor":12.0,"turns":4.0},{"damage":0.0,"enemies":"2 Fungi Beasts","floor":14.0,"turns":3.0},{"damage":2.0,"enemies":"Hexaghost","floor":16.0,"turns":7.0},{"damage":12.0,"enemies":"2 Thieves","floor":18.0,"turns":4.0},{"damage":8.0,"enemies":"3 Byrds","floor":19.0,"turns":5.0},{"damage":18,"enemies":"Cultist and Chosen","floor":22,"turns":5},{"damage":33,"enemies":"Gremlin Leader","floor":24,"turns":4}],"seed_played":"7632068026026142705","potions_obtained":[{"floor":3.0,"key":"Ancient Potion"},{"floor":12.0,"key":"ColorlessPotion"},{"floor":14.0,"key":"AttackPotion"},{"floor":16.0,"key":"SkillPotion"},{"floor":18.0,"key":"SkillPotion"},{"floor":19.0,"key":"Poison Potion"},{"floor":22,"key":"SteroidPotion"}],"is_trial":false,"path_per_floor":["M","?","M","?","M","R","?","E","T","R","E","M","?","M","R","B",null,"M","M","?","$","M","R","E"],"character_chosen":"THE_SILENT","basemod:card_modifiers":[null,null,null,null,null,null,null,null,null,null,null,null,null,null,null,null,null,null,null],"items_purchased":[],"campfire_rested":2,"item_purchase_floors":[],"current_hp_per_floor":[59,39,39,39,38,38,38,4,4,23,7,1,1,1,20,23,55,48,50,50,50,37,37,4],"gold":340,"neow_bonus":"RANDOM_COMMON_RELIC","is_prod":false,"is_daily":false,"chose_seed":false,"campfire_upgraded":2,"win_rate":0,"timestamp":1731678561,"path_taken":["M","?","M","?","M","R","?","E","T","R","E","?","?","M","R","BOSS","M","M","?","$","M","R","E"],"build_version":"2022-12-18","purchased_purges":1,"victory":false,"max_hp_per_floor":[66,66,66,66,66,66,66,66,66,66,66,66,66,66,66,66,66,66,66,66,66,66,66,66],"relic_stats":{"counters":[12,60],"Pandora\u0027s Box":["Burst","Finisher","Phantasmal Killer","Slice","Leg Sweep","Reflex","Concentrate","Night Terror"],"Snake Skull":[72],"MawBank":156,"obtain_stats":[{"Pandora\u0027s Box":17,"Snake Skull":9,"MawBank":8,"Toy Ornithopter":0,"White Beast Statue":11,"Ring of the Snake":0},{"Pandora\u0027s Box":8,"Snake Skull":4,"MawBank":4,"Toy Ornithopter":0,"White Beast Statue":5,"Ring of the Snake":0},{"Pandora\u0027s Box":42,"Snake Skull":24,"MawBank":24,"Toy Ornithopter":0,"White Beast Statue":28,"Ring of the Snake":0}],"Toy Ornithopter":25,"White Beast Statue":[0.0,0.024000000000000007,0.0,0.32800000000000007,0.0,0.5280000000000001,0.0,0.12000000000000002,0.0,0.0,0.0,3.244],"Ring of the Snake":[24]},"card_choices":[{"not_picked":["Quick Slash","Sucker Punch"],"picked":"Poisoned Stab","floor":1.0},{"not_picked":["Dagger Throw","Crippling Poison"],"picked":"Bouncing Flask","floor":3.0},{"not_picked":["Prepared","Dagger Spray"],"picked":"Escape Plan","floor":5.0},{"not_picked":["Backflip","Unload"],"picked":"All Out Attack","floor":8.0},{"not_picked":["Bouncing Flask","Dodge and Roll"],"picked":"Poisoned Stab","floor":11.0},{"not_picked":["Quick Slash","Blade Dance","Slice"],"picked":"SKIP","floor":12.0},{"not_picked":["Cloak And Dagger","Skewer"],"picked":"Footwork","floor":14.0},{"not_picked":["Die Die Die","Glass Knife"],"picked":"After Image","floor":16.0},{"not_picked":["Catalyst","Well Laid Plans"],"picked":"Backflip","floor":18.0},{"not_picked":["Deflect","Quick Slash"],"picked":"Escape Plan","floor":19.0},{"not_picked":["Setup+1","Dodge and Roll"],"picked":"Catalyst","floor":22}],"player_experience":879622,"relics_obtained":[{"floor":8.0,"key":"MawBank"},{"floor":9.0,"key":"Snake Skull"},{"floor":11.0,"key":"White Beast Statue"}],"event_choices":[{"damage_healed":0.0,"max_hp_gain":0.0,"max_hp_loss":0.0,"gold_gain":0.0,"event_name":"Shining Light","player_choice":"Entered Light","floor":2.0,"gold_loss":0.0,"damage_taken":20.0,"cards_upgraded":["Survivor","Defend_G"]},{"cards_removed":["Strike_G"],"damage_healed":0.0,"max_hp_gain":0.0,"max_hp_loss":0.0,"gold_gain":0.0,"event_name":"The Cleric","player_choice":"Card Removal","floor":4.0,"gold_loss":75.0,"damage_taken":0.0},{"cards_removed":["Strike_G"],"damage_healed":0.0,"max_hp_gain":0.0,"max_hp_loss":0.0,"gold_gain":0.0,"event_name":"Bonfire Elementals","player_choice":"Offered Basic","floor":7.0,"gold_loss":0.0,"damage_taken":0.0},{"damage_healed":0.0,"max_hp_gain":0.0,"max_hp_loss":0.0,"gold_gain":0.0,"event_name":"Scrap Ooze","player_choice":"Fled","floor":13.0,"gold_loss":0.0,"damage_taken":0.0},{"cards_removed":["Poisoned Stab"],"damage_healed":0.0,"max_hp_gain":0.0,"max_hp_loss":0.0,"gold_gain":0.0,"event_name":"Beggar","player_choice":"Gave Gold","floor":20.0,"gold_loss":75.0,"damage_taken":0.0}],"is_beta":false,"boss_relics":[{"not_picked":["WristBlade","Calling Bell"],"picked":"Pandora\u0027s Box"}],"items_purged_floors":[21],"is_endless":false,"potions_floor_spawned":[3,12,14,16,18,19,22],"killed_by":"Gremlin Leader","ascension_level":20}