{"gold_per_floor":[110,110,110,35,45,72,72,89,114,144,190,219,244,274,286,371,383,413,437,463,491,503,515,558,570,582,629,297,307,307,322,322,322],"floor_reached":33,"playtime":1308,"items_purged":["Strike_G","Strike_G"],"score":702,"play_id":"27cfa8c1-0fe7-4df3-a94a-c9c37fc9346d","local_time":"20241116102046","is_ascension_mode":true,"campfire_choices":[{"data":"Dash","floor":7.0,"key":"SMITH"},{"data":"Footwork","floor":15.0,"key":"SMITH"},{"data":"Acrobatics","floor":23.0,"key":"SMITH"},{"floor":25.0,"key":"REST"},{"floor":30,"key":"REST"},{"floor":32,"key":"REST"}],"neow_cost":"NONE","seed_source_timestamp":503163825600,"circlet_count":0,"master_deck":["AscendersBane","Strike_G","Strike_G","Defend_G","Defend_G","Defend_G","Defend_G","Survivor","Neutralize","Poisoned Stab","All Out Attack","Escape Plan","Dash+1","Terror","Backflip","Footwork+1","Backflip","Corpse Explosion","Tactician+1","Acrobatics+1","Backflip","Reflex","Footwork"],"special_seed":0,"relics":["Ring of the Snake","NeowsBlessing","Pen Nib","MawBank","Gambling Chip","Philosopher\u0027s Stone","Nunchaku","Potion Belt"],"potions_floor_usage":[33],"damage_taken":[{"damage":0.0,"enemies":"2 Louse","floor":1.0,"turns":1.0},{"damage":0.0,"enemies":"Small Slimes","floor":5.0,"turns":1.0},{"damage":0.0,"enemies":"3 Sentries","floor":6.0,"turns":1.0},{"damage":0.0,"enemies":"Cultist","floor":8.0,"turns":3.0},{"damage":0.0,"enemies":"Gremlin Gang","floor":10.0,"turns":5.0},{"damage":7.0,"enemies":"Lagavulin","floor":11.0,"turns":6.0},{"damage":6.0,"enemies":"3 Louse","floor":12.0,"turns":3.0},{"damage":2.0,"enemies":"Large Slime","floor":13.0,"turns":5.0},{"damage":0.0,"enemies":"Looter","floor":14.0,"turns":3.0},{"damage":20.0,"enemies":"The Guardian","floor":16.0,"turns":15.0},{"damage":0.0,"enemies":"Chosen","floor":18.0,"turns":5.0},{"damage":13.0,"enemies":"2 Thieves","floor":19.0,"turns":3.0},{"damage":1.0,"enemies":"Snake Plant","floor":20.0,"turns":4.0},{"damage":4.0,"enemies":"Sentry and Sphere","floor":21.0,"turns":6.0},{"damage":10.0,"enemies":"Gremlin Leader","floor":24.0,"turns":6.0},{"damage":27.0,"enemies":"Book of Stabbing","floor":27.0,"turns":6.0},{"damage":2,"enemies":"Centurion and Healer","floor":29,"turns":5},{"damage":6,"enemies":"Cultist and Chosen","floor":31,"turns":6},{"damage":12,"enemies":"Champ","floor":33,"turns":20}],"seed_played":"2728962868788182488","potions_obtained":[{"floor":8.0,"key":"GamblersBrew"},{"floor":10.0,"key":"SpeedPotion"},{"floor":19.0,"key":"PowerPotion"},{"floor":20.0,"key":"SneckoOil"},{"floor":27.0,"key":"Dexterity Potion"},{"floor":31,"key":"LiquidBronze"}],"is_trial":false,"path_per_floor":["M","?","?","$","M","E","R","M","T","M","E","M","M","M","R","B",null,"M","M","M","M","?","R","E","R","T","E","$","M","R","M","R","B"],"character_chosen":"THE_SILENT","basemod:card_modifiers":[null,null,null,null,null,null,null,null,null,null,null,null,null,null,null,null,null,null,null,null,null,null,null],"items_purchased":["Potion Belt","Footwork"],"campfire_rested":3,"item_purchase_floors":[28,28],"current_hp_per_floor":[59,52,52,52,52,52,52,52,52,52,45,39,37,37,37,17,54,54,41,40,36,36,36,26,45,45,18,18,16,35,29,48,36],"gold":322,"neow_bonus":"THREE_ENEMY_KILL","is_prod":false,"is_daily":false,"chose_seed":false,"campfire_upgraded":3,"win_rate":0,"timestamp":1731720046,"path_taken":["M","?","?","$","M","E","R","?","T","M","E","M","M","M","R","BOSS","M","M","M","?","?","R","E","R","T","E","$","M","R","M","R","BOSS"],"build_version":"2022-12-18","purchased_purges":2,"victory":false,"max_hp_per_floor":[66,66,66,66,66,66,66,66,66,66,66,66,66,66,66,66,66,66,66,66,66,66,66,66,66,66,66,66,66,66,66,66,66],"relic_stats":{"Nunchaku":[7],"counters":[19,104],"Gambling Chip":[60],"Pen Nib":[18],"MawBank":228,"obtain_stats":[{"Potion Belt":28,"Nunchaku":24,"NeowsBlessing":0,"Gambling Chip":11,"Philosopher\u0027s Stone":17,"Pen Nib":6,"MawBank":9,"Ring of the Snake":0},{"Potion Belt":16,"Nunchaku":15,"NeowsBlessing":0,"Gambling Chip":6,"Philosopher\u0027s Stone":10,"Pen Nib":3,"MawBank":4,"Ring of the Snake":0},{"Potion Belt":73,"Nunchaku":67,"NeowsBlessing":0,"Gambling Chip":17,"Philosopher\u0027s Stone":43,"Pen Nib":3,"MawBank":6,"Ring of the Snake":0}],"Ring of the Snake":[38]},"card_choices":[{"not_picked":["Slice","Endless Agony"],"picked":"Poisoned Stab","floor":1.0},{"not_picked":["Bane","Flying Knee"],"picked":"Escape Plan","floor":5.0},{"not_picked":["Cloak And Dagger","Sucker Punch"],"picked":"Dash","floor":6.0},{"not_picked":["Quick Slash","Dagger Throw","Flechettes"],"picked":"SKIP","floor":8.0},{"not_picked":["Venomology","Flying Knee"],"picked":"Terror","floor":10.0},{"not_picked":["Wraith Form v2","Flechettes"],"picked":"Backflip","floor":11.0},{"not_picked":["Prepared","Deadly Poison"],"picked":"Footwork","floor":12.0},{"not_picked":["Bouncing Flask","Quick Slash","Prepared"],"picked":"SKIP","floor":13.0},{"not_picked":["Deadly Poison","Dagger Throw"],"picked":"Backflip","floor":14.0},{"not_picked":["Tools of the Trade","Die Die Die"],"picked":"Corpse Explosion","floor":16.0},{"not_picked":["Blade Dance","Slice"],"picked":"Tactician+1","floor":18.0},{"not_picked":["Flying Knee","Outmaneuver"],"picked":"Acrobatics","floor":19.0},{"not_picked":["Sucker Punch","All Out Attack"],"picked":"Backflip","floor":20.0},{"not_picked":["Cloak And Dagger","PiercingWail","Deflect"],"picked":"SKIP","floor":21.0},{"not_picked":["Malaise","Venomology"],"picked":"Reflex","floor":24.0},{"not_picked":["Bouncing Flask","Dodge and Roll","Dash"],"picked":"SKIP","floor":27.0},{"not_picked":["Quick Slash","Noxious Fumes","Crippling Poison"],"picked":"SKIP","floor":29},{"not_picked":["Outmaneuver","Dagger Spray","Backstab"],"picked":"SKIP","floor":31}],"player_experience":881092,"relics_obtained":[{"floor":6.0,"key":"Pen Nib"},{"floor":9.0,"key":"MawBank"},{"floor":11.0,"key":"Gambling Chip"},{"floor":24.0,"key":"Nunchaku"}],"event_choices":[{"cards_removed":["Strike_G"],"damage_healed":0.0,"max_hp_gain":0.0,"max_hp_loss":0.0,"gold_gain":0.0,"event_name":"Golden Wing","player_choice":"Card Removal","floor":2.0,"gold_loss":0.0,"damage_taken":7.0},{"damage_healed":0.0,"max_hp_gain":0.0,"max_hp_loss":0.0,"gold_gain":0.0,"cards_transformed":["Defend_G"],"event_name":"Transmorgrifier","player_choice":"Transformed","floor":3.0,"gold_loss":0.0,"damage_taken":0.0,"cards_obtained":["All Out Attack"]},{"damage_healed":0.0,"max_hp_gain":0.0,"max_hp_loss":0.0,"gold_gain":0.0,"event_name":"Ghosts","player_choice":"Ignored","floor":22.0,"gold_loss":0.0,"damage_taken":0.0}],"is_beta":false,"boss_relics":[{"not_picked":["Fusion Hammer","Tiny House"],"picked":"Philosopher\u0027s Stone"}],"items_purged_floors":[4,28],"is_endless":false,"potions_floor_spawned":[8,10,11,13,14,19,20,27,31],"killed_by":"Champ","ascension_level":20}