{"gold_per_floor":[114,132,150,162,162,188,188,221,292,292,312,325,344,364,364,442,442,456,484,534,554,566,566,566,566,566,594,613,372,391,118,118,194,194,206,206,81,96,111,111,130,130,130,155,155,168,4,24,24,24,24],"floor_reached":51,"playtime":2708,"items_purged":["Strike_G","Strike_G","Strike_G"],"score":1376,"play_id":"17444e64-01ad-43f8-bf99-738d51fce225","local_time":"20241116133420","is_ascension_mode":true,"campfire_choices":[{"floor":10.0,"key":"REST"},{"data":"Acrobatics","floor":15.0,"key":"SMITH"},{"floor":23.0,"key":"REST"},{"floor":25.0,"key":"REST"},{"data":"Phantasmal Killer","floor":32.0,"key":"SMITH"},{"data":"Concentrate","floor":40.0,"key":"SMITH"},{"floor":45.0,"key":"REST"},{"floor":49.0,"key":"RECALL"}],"neow_cost":"PERCENT_DAMAGE","seed_source_timestamp":318507127000,"circlet_count":0,"master_deck":["AscendersBane","Strike_G","Defend_G","Defend_G","Defend_G","Defend_G","Survivor","Neutralize","Deadly Poison","Eviscerate","Prepared","Predator","Acrobatics+1","Well Laid Plans","Backstab","PiercingWail","Concentrate+1","Calculated Gamble","Malaise","Footwork","Phantasmal Killer+1","Acrobatics+1","After Image","Dark Shackles","Expertise+1"],"special_seed":0,"relics":["Ring of the Snake","Nunchaku","Thread and Needle","Molten Egg 2","HoveringKite","Red Mask","Strawberry","Vajra","Toolbox","DollysMirror","Black Star","Snake Skull","Dream Catcher","Lee\u0027s Waffle"],"potions_floor_usage":[51],"damage_taken":[{"damage":2.0,"enemies":"Jaw Worm","floor":1.0,"turns":7.0},{"damage":0.0,"enemies":"2 Louse","floor":2.0,"turns":3.0},{"damage":0.0,"enemies":"Cultist","floor":3.0,"turns":3.0},{"damage":8.0,"enemies":"Blue Slaver","floor":4.0,"turns":3.0},{"damage":30.0,"enemies":"Gremlin Nob","floor":6.0,"turns":4.0},{"damage":1.0,"enemies":"Lagavulin","floor":8.0,"turns":7.0},{"damage":0.0,"enemies":"Large Slime","floor":11.0,"turns":4.0},{"damage":0.0,"enemies":"Exordium Wildlife","floor":12.0,"turns":3.0},{"damage":0.0,"enemies":"3 Louse","floor":13.0,"turns":3.0},{"damage":1.0,"enemies":"Gremlin Gang","floor":14.0,"turns":4.0},{"damage":7.0,"enemies":"The Guardian","floor":16.0,"turns":11.0},{"damage":10.0,"enemies":"2 Thieves","floor":18.0,"turns":4.0},{"damage":20.0,"enemies":"Masked Bandits","floor":19.0,"turns":6.0},{"damage":7.0,"enemies":"Chosen","floor":21.0,"turns":7.0},{"damage":12.0,"enemies":"Snecko","floor":22.0,"turns":7.0},{"damage":0.0,"enemies":"Gremlin Leader","floor":27.0,"turns":11.0},{"damage":15.0,"enemies":"Shelled Parasite and Fungi","floor":28.0,"turns":8.0},{"damage":0.0,"enemies":"Snake Plant","floor":30.0,"turns":5.0},{"damage":10.0,"enemies":"Automaton","floor":33.0,"turns":7.0},{"damage":11.0,"enemies":"3 Darklings","floor":35.0,"turns":5.0},{"damage":13.0,"enemies":"Orb Walker","floor":38.0,"turns":5.0},{"damage":12.0,"enemies":"Transient","floor":39.0,"turns":6.0},{"damage":0.0,"enemies":"Jaw Worm Horde","floor":41.0,"turns":6.0},{"damage":13.0,"enemies":"Giant Head","floor":44.0,"turns":8.0},{"damage":0.0,"enemies":"Sphere and 2 Shapes","floor":46.0,"turns":6.0},{"damage":0.0,"enemies":"Maw","floor":48.0,"turns":5.0},{"damage":69.0,"enemies":"Donu and Deca","floor":50.0,"turns":9.0},{"damage":10,"enemies":"Awakened One","floor":51,"turns":9}],"seed_played":"1860031166251532127","potions_obtained":[{"floor":1.0,"key":"AttackPotion"},{"floor":4.0,"key":"PowerPotion"},{"floor":6.0,"key":"LiquidBronze"},{"floor":11.0,"key":"DistilledChaos"},{"floor":16.0,"key":"PowerPotion"},{"floor":24.0,"key":"BlessingOfTheForge"},{"floor":24.0,"key":"SmokeBomb"},{"floor":27.0,"key":"Weak Potion"},{"floor":28.0,"key":"LiquidMemories"},{"floor":30.0,"key":"BlessingOfTheForge"},{"floor":33.0,"key":"Poison Potion"},{"floor":41.0,"key":"Dexterity Potion"},{"floor":44.0,"key":"Poison Potion"}],"is_trial":false,"path_per_floor":["M","M","M","M","?","E","?","E","T","R","M","M","M","M","R","B",null,"M","?","?","M","M","R","?","R","T","E","M","$","M","$","R","B",null,"M","?","$","M","M","R","M","?","T","E","R","M","$","M","R","B","B"],"character_chosen":"THE_SILENT","basemod:card_modifiers":[null,null,null,null,null,null,null,null,null,null,null,null,null,null,null,null,null,null,null,null,null,null,null,null,null],"items_purchased":["Toolbox","DollysMirror","Lee\u0027s Waffle"],"campfire_rested":4,"item_purchase_floors":[29,31,47],"current_hp_per_floor":[42,42,42,34,34,4,4,3,3,22,22,22,22,21,21,14,53,43,23,23,16,4,23,23,42,49,49,34,34,34,34,34,24,61,50,50,50,37,25,25,25,15,15,2,23,23,80,80,80,11,1],"gold":24,"neow_bonus":"TRANSFORM_TWO_CARDS","is_prod":false,"is_daily":false,"chose_seed":false,"campfire_upgraded":3,"win_rate":0,"timestamp":1731731660,"path_taken":["M","M","M","M","?","E","?","E","T","R","M","M","?","M","R","BOSS","M","?","?","?","M","R","?","R","T","E","M","$","?","?","R","BOSS","M","?","$","M","?","R","M","?","T","E","R","M","$","M","R","BOSS","BOSS"],"build_version":"2022-12-18","purchased_purges":3,"victory":false,"max_hp_per_floor":[66,66,66,66,66,66,66,66,66,66,66,66,66,66,66,66,66,66,66,66,66,66,66,66,66,73,73,73,73,73,73,73,73,73,73,73,73,73,73,73,73,73,73,73,73,73,80,80,80,80,80],"relic_stats":{"Nunchaku":[27],"Dream Catcher":1,"Lee\u0027s Waffle":57,"counters":[28,166],"HoveringKite":[93],"Snake Skull":[9],"Black Star":1,"obtain_stats":[{"Lee\u0027s Waffle":47,"HoveringKite":17,"Vajra":27,"Thread and Needle":8,"Snake Skull":44,"Nunchaku":6,"Dream Catcher":44,"DollysMirror":31,"Strawberry":26,"Toolbox":29,"Molten Egg 2":9,"Red Mask":19,"Black Star":34,"Ring of the Snake":0},{"Lee\u0027s Waffle":25,"HoveringKite":11,"Vajra":16,"Thread and Needle":6,"Snake Skull":24,"Nunchaku":5,"Dream Catcher":24,"DollysMirror":18,"Strawberry":15,"Toolbox":17,"Molten Egg 2":6,"Red Mask":13,"Black Star":19,"Ring of the Snake":0},{"Lee\u0027s Waffle":143,"HoveringKite":52,"Vajra":87,"Thread and Needle":27,"Snake Skull":137,"Nunchaku":20,"Dream Catcher":137,"DollysMirror":100,"Strawberry":76,"Toolbox":95,"Molten Egg 2":27,"Red Mask":62,"Black Star":107,"Ring of the Snake":0}],"Ring of the Snake":[56]},"card_choices":[{"not_picked":["Setup","Deflect"],"picked":"Prepared","floor":1.0},{"not_picked":["Finisher","Eviscerate"],"picked":"Predator","floor":2.0},{"not_picked":["PiercingWail","Cloak And Dagger","A Thousand Cuts"],"picked":"SKIP","floor":3.0},{"not_picked":["Deadly Poison","Cloak And Dagger"],"picked":"Acrobatics","floor":4.0},{"not_picked":["Riddle With Holes","Bane"],"picked":"Well Laid Plans","floor":6.0},{"not_picked":["Poisoned Stab","Quick Slash","Predator"],"picked":"SKIP","floor":8.0},{"not_picked":["Sucker Punch+1","Dagger Spray+1"],"picked":"PiercingWail","floor":11.0},{"not_picked":["Poisoned Stab+1","Underhanded Strike+1"],"picked":"Concentrate","floor":12.0},{"not_picked":["Dagger Throw+1","Cloak And Dagger"],"picked":"Calculated Gamble","floor":13.0},{"not_picked":["Accuracy","Dagger Throw+1","Prepared"],"picked":"SKIP","floor":14.0},{"not_picked":["Tools of the Trade","Corpse Explosion"],"picked":"Malaise","floor":16.0},{"not_picked":["PiercingWail","Deflect+1","Dagger Throw+1"],"picked":"SKIP","floor":18.0},{"not_picked":["Calculated Gamble","Dash+1"],"picked":"Footwork","floor":19.0},{"not_picked":["Dodge and Roll","Bane+1","PiercingWail+1"],"picked":"SKIP","floor":21.0},{"not_picked":["Deadly Poison","Flying Knee+1","Tactician"],"picked":"SKIP","floor":22.0},{"not_picked":["Flechettes+1","Sucker Punch+1","Prepared"],"picked":"SKIP","floor":27.0},{"not_picked":["Flechettes+1","Sucker Punch+1","Prepared"],"picked":"SKIP","floor":27.0},{"not_picked":["Deadly Poison+1","Slice+1"],"picked":"Phantasmal Killer","floor":28.0},{"not_picked":["Finisher+1","PiercingWail","Bane+1"],"picked":"SKIP","floor":30.0},{"not_picked":["Doppelganger","Malaise"],"picked":"After Image","floor":33.0},{"not_picked":["Skewer+1","Footwork","Concentrate"],"picked":"SKIP","floor":35.0},{"not_picked":["Accuracy","Poisoned Stab+1","Deadly Poison"],"picked":"SKIP","floor":38.0},{"not_picked":["Slice+1","Dagger Throw+1","Dodge and Roll+1"],"picked":"SKIP","floor":39.0},{"not_picked":["Dagger Spray+1","Leg Sweep+1","Backstab+1"],"picked":"SKIP","floor":41.0},{"not_picked":["Transmutation","Chrysalis"],"picked":"Dark Shackles","floor":42.0},{"not_picked":["Poisoned Stab+1","Sucker Punch+1"],"picked":"Expertise+1","floor":44.0},{"not_picked":["Deadly Poison","Bane+1","Infinite Blades"],"picked":"SKIP","floor":46.0},{"not_picked":["Backflip","Blade Dance","Quick Slash+1"],"picked":"SKIP","floor":48.0}],"player_experience":882400,"relics_obtained":[{"floor":6.0,"key":"Nunchaku"},{"floor":8.0,"key":"Thread and Needle"},{"floor":9.0,"key":"Molten Egg 2"},{"floor":19.0,"key":"Red Mask"},{"floor":26.0,"key":"Strawberry"},{"floor":27.0,"key":"Vajra"},{"floor":44.0,"key":"Snake Skull"},{"floor":44.0,"key":"Dream Catcher"}],"event_choices":[{"damage_healed":0.0,"max_hp_gain":0.0,"max_hp_loss":0.0,"gold_gain":0.0,"event_name":"Scrap Ooze","player_choice":"Fled","floor":5.0,"gold_loss":0.0,"damage_taken":0.0},{"damage_healed":0.0,"max_hp_gain":0.0,"max_hp_loss":0.0,"gold_gain":0.0,"event_name":"Match and Keep!","player_choice":"1 cards matched","floor":7.0,"gold_loss":0.0,"damage_taken":0.0,"cards_obtained":["Backstab"]},{"damage_healed":0.0,"max_hp_gain":0.0,"max_hp_loss":0.0,"gold_gain":0.0,"event_name":"Masked Bandits","player_choice":"Fought Bandits","floor":19.0,"gold_loss":0.0,"damage_taken":0.0},{"damage_healed":0.0,"max_hp_gain":0.0,"max_hp_loss":0.0,"gold_gain":50.0,"event_name":"Nest","player_choice":"Stole From Cult","floor":20.0,"gold_loss":0.0,"damage_taken":0.0},{"damage_healed":0.0,"max_hp_gain":0.0,"max_hp_loss":0.0,"gold_gain":0.0,"event_name":"Lab","player_choice":"Got Potions","floor":24.0,"gold_loss":0.0,"damage_taken":0.0},{"damage_healed":0.0,"max_hp_gain":0.0,"max_hp_loss":0.0,"gold_gain":0.0,"event_name":"Match and Keep!","player_choice":"0 cards matched","floor":36.0,"gold_loss":0.0,"damage_taken":0.0,"cards_obtained":[]},{"damage_healed":0.0,"max_hp_gain":0.0,"max_hp_loss":0.0,"gold_gain":0.0,"event_name":"SensoryStone","player_choice":"Memory 3","floor":42.0,"gold_loss":0.0,"damage_taken":10.0}],"is_beta":false,"boss_relics":[{"not_picked":["Fusion Hammer","Pandora\u0027s Box"],"picked":"HoveringKite"},{"not_picked":["Snecko Eye","Ring of the Serpent"],"picked":"Black Star"}],"items_purged_floors":[29,31,37],"is_endless":false,"potions_floor_spawned":[1,4,6,11,14,16,27,28,30,33,41,44],"killed_by":"Awakened One","ascension_level":20}