{"gold_per_floor":[12,27,42,58,136,166,166,177,177,189,199,209,209,241,241,241],"floor_reached":16,"playtime":453,"items_purged":[],"score":232,"play_id":"e961680f-3156-4fa2-8c5e-5412f943efb4","local_time":"20241113234309","is_ascension_mode":true,"campfire_choices":[{"floor":7.0,"key":"REST"},{"floor":13.0,"key":"REST"},{"floor":15.0,"key":"REST"}],"neow_cost":"NO_GOLD","seed_source_timestamp":2266517544900,"circlet_count":0,"master_deck":["AscendersBane","Strike_G","Strike_G","Strike_G","Strike_G","Strike_G","Defend_G","Defend_G","Defend_G","Defend_G","Defend_G","Survivor","Neutralize","Backstab","Underhanded Strike","All Out Attack","Acrobatics","Glass Knife","Reflex","Well Laid Plans","Blade Dance","A Thousand Cuts"],"special_seed":0,"relics":["Ring of the Snake","Torii","Kunai","Letter Opener"],"potions_floor_usage":[16],"damage_taken":[{"damage":18.0,"enemies":"Jaw Worm","floor":1.0,"turns":9.0},{"damage":0.0,"enemies":"2 Louse","floor":2.0,"turns":3.0},{"damage":0.0,"enemies":"Cultist","floor":3.0,"turns":3.0},{"damage":28.0,"enemies":"Large Slime","floor":4.0,"turns":6.0},{"damage":20.0,"enemies":"Lagavulin","floor":6.0,"turns":7.0},{"damage":1.0,"enemies":"Blue Slaver","floor":8.0,"turns":3.0},{"damage":0.0,"enemies":"Looter","floor":10.0,"turns":2.0},{"damage":0.0,"enemies":"3 Louse","floor":11.0,"turns":2.0},{"damage":10.0,"enemies":"Exordium Wildlife","floor":12.0,"turns":4.0},{"damage":29.0,"enemies":"Gremlin Nob","floor":14.0,"turns":4.0},{"damage":34,"enemies":"Slime Boss","floor":16,"turns":9}],"seed_played":"8941589429436147097","potions_obtained":[{"floor":1.0,"key":"CultistPotion"},{"floor":2.0,"key":"Weak Potion"},{"floor":4.0,"key":"Regen Potion"},{"floor":8.0,"key":"Energy Potion"},{"floor":11.0,"key":"GamblersBrew"},{"floor":14.0,"key":"Weak Potion"}],"is_trial":false,"path_per_floor":["M","M","M","M","?","E","R","M","T","M","M","M","R","E","R","B"],"character_chosen":"THE_SILENT","basemod:card_modifiers":[null,null,null,null,null,null,null,null,null,null,null,null,null,null,null,null,null,null,null,null,null,null],"items_purchased":[],"campfire_rested":3,"item_purchase_floors":[],"current_hp_per_floor":[41,41,41,13,13,8,27,26,26,26,26,16,35,6,25,0],"gold":241,"neow_bonus":"ONE_RARE_RELIC","is_prod":false,"is_daily":false,"chose_seed":false,"campfire_upgraded":0,"win_rate":0,"timestamp":1731508989,"path_taken":["M","M","M","M","?","E","R","M","T","M","M","M","R","E","R","BOSS"],"build_version":"2022-12-18","purchased_purges":0,"victory":false,"max_hp_per_floor":[66,66,66,66,66,66,66,66,66,66,66,66,66,66,66,66],"relic_stats":{"Torii":8,"counters":[11,52],"Kunai":[15],"Letter Opener":[20],"obtain_stats":[{"Torii":0,"Kunai":6,"Letter Opener":9,"Ring of the Snake":0},{"Torii":0,"Kunai":5,"Letter Opener":6,"Ring of the Snake":0},{"Torii":0,"Kunai":28,"Letter Opener":31,"Ring of the Snake":0}],"Ring of the Snake":[22]},"card_choices":[{"not_picked":["Choke","Bane"],"picked":"Backstab","floor":1.0},{"not_picked":["Outmaneuver","Deadly Poison"],"picked":"Underhanded Strike","floor":2.0},{"not_picked":["Accuracy","Calculated Gamble"],"picked":"All Out Attack","floor":3.0},{"not_picked":["Calculated Gamble","Setup"],"picked":"Acrobatics","floor":4.0},{"not_picked":["Underhanded Strike","Flying Knee"],"picked":"Glass Knife","floor":6.0},{"not_picked":["Heel Hook","Dodge and Roll"],"picked":"Reflex","floor":8.0},{"not_picked":["Flechettes","Choke"],"picked":"Well Laid Plans","floor":10.0},{"not_picked":["Acrobatics","Noxious Fumes","Flechettes"],"picked":"SKIP","floor":11.0},{"not_picked":["Heel Hook","Prepared"],"picked":"Blade Dance","floor":12.0},{"not_picked":["Acrobatics","Sucker Punch"],"picked":"A Thousand Cuts","floor":14.0}],"player_experience":871592,"relics_obtained":[{"floor":6.0,"key":"Kunai"},{"floor":9.0,"key":"Letter Opener"}],"event_choices":[{"damage_healed":0.0,"max_hp_gain":0.0,"max_hp_loss":0.0,"gold_gain":78.0,"event_name":"Golden Wing","player_choice":"Gained Gold","floor":5.0,"gold_loss":0.0,"damage_taken":0.0}],"is_beta":false,"boss_relics":[],"items_purged_floors":[],"is_endless":false,"potions_floor_spawned":[1,2,4,8,11,14],"killed_by":"Slime Boss","ascension_level":20}