{"gold_per_floor":[118,118,3,23,23,23,56,75,75,86,114,126,126,185,185,256,256,268,286,302,312,47,47,81,94,172,172,272,303,303,320,320,391,391,408,457,476,492,503,503,514,542,542,568,568,568,580,592,592,592,592,592,592,52,82,82],"floor_reached":57,"playtime":2068,"items_purged":["Strike_R","Sever Soul","Cleave+1"],"score":3007,"play_id":"eda36731-76ee-46c4-9b18-bc32cf2982cb","local_time":"20241116161916","is_ascension_mode":true,"campfire_choices":[{"data":"Anger","floor":6.0,"key":"SMITH"},{"floor":13,"key":"REST"},{"floor":15,"key":"REST"},{"floor":23,"key":"REST"},{"floor":27,"key":"REST"},{"floor":30,"key":"REST"},{"data":"Corruption","floor":32,"key":"SMITH"},{"floor":40,"key":"RECALL"},{"data":"Offering","floor":45,"key":"SMITH"},{"data":"Feed","floor":49,"key":"SMITH"},{"data":"Armaments","floor":53,"key":"SMITH"}],"neow_cost":"NONE","seed_source_timestamp":10981322878500,"circlet_count":0,"master_deck":["AscendersBane","Bash","Fire Breathing","Dark Embrace","Anger+1","Havoc+1","Spot Weakness","Carnage","Pommel Strike+1","Fiend Fire","Fire Breathing","Sword Boomerang","Limit Break","Corruption+1","Brutality","Disarm","Ghostly Armor","Armaments+1","Shrug It Off","Feed+1","Rage","Shrug It Off","Shockwave","Exhume","Entrench+1","Offering+1","Seeing Red"],"special_seed":0,"relics":["Burning Blood","NeowsBlessing","Dead Branch","Torii","Du-Vu Doll","War Paint","Pandora\u0027s Box","Orrery","Art of War","Pear","Bird Faced Urn","Kunai","Tiny Chest","Snecko Eye","Calipers","Whetstone","Lantern","Lizard Tail","Blood Vial"],"potions_floor_usage":[16,28,29,33],"damage_taken":[{"damage":0.0,"enemies":"2 Louse","floor":1.0,"turns":1.0},{"damage":0.0,"enemies":"Jaw Worm","floor":4.0,"turns":1.0},{"damage":0.0,"enemies":"Lagavulin","floor":7.0,"turns":1.0},{"damage":7.0,"enemies":"Small Slimes","floor":8.0,"turns":4.0},{"damage":10.0,"enemies":"Exordium Wildlife","floor":10.0,"turns":3.0},{"damage":38.0,"enemies":"Gremlin Nob","floor":11.0,"turns":4.0},{"damage":15,"enemies":"3 Louse","floor":12,"turns":4},{"damage":1,"enemies":"Gremlin Nob","floor":14,"turns":3},{"damage":38,"enemies":"Slime Boss","floor":16,"turns":7},{"damage":18,"enemies":"Chosen","floor":18,"turns":4},{"damage":9,"enemies":"3 Byrds","floor":19,"turns":4},{"damage":9,"enemies":"Snake Plant","floor":20,"turns":4},{"damage":17,"enemies":"Centurion and Healer","floor":21,"turns":4},{"damage":26,"enemies":"Book of Stabbing","floor":24,"turns":4},{"damage":12,"enemies":"3 Cultists","floor":25,"turns":3},{"damage":17,"enemies":"Colosseum Slavers","floor":28,"turns":3},{"damage":20,"enemies":"Colosseum Nobs","floor":28,"turns":4},{"damage":39,"enemies":"Slavers","floor":29,"turns":3},{"damage":2,"enemies":"Chosen and Byrds","floor":31,"turns":4},{"damage":56,"enemies":"Collector","floor":33,"turns":8},{"damage":22,"enemies":"3 Shapes","floor":35,"turns":4},{"damage":26,"enemies":"2 Orb Walkers","floor":36,"turns":3},{"damage":30,"enemies":"3 Darklings","floor":37,"turns":4},{"damage":14,"enemies":"Maw","floor":38,"turns":6},{"damage":11,"enemies":"Sphere and 2 Shapes","floor":39,"turns":3},{"damage":6,"enemies":"Jaw Worm Horde","floor":41,"turns":2},{"damage":12,"enemies":"Nemesis","floor":42,"turns":5},{"damage":15,"enemies":"Reptomancer","floor":44,"turns":3},{"damage":12,"enemies":"Writhing Mass","floor":47,"turns":3},{"damage":0,"enemies":"3 Darklings","floor":48,"turns":2},{"damage":13,"enemies":"Awakened One","floor":50,"turns":4},{"damage":0,"enemies":"Time Eater","floor":51,"turns":4},{"damage":34,"enemies":"Shield and Spear","floor":55,"turns":4},{"damage":38,"enemies":"The Heart","floor":56,"turns":5}],"seed_played":"7969213599185374131","potions_obtained":[{"floor":1.0,"key":"Ancient Potion"},{"floor":8.0,"key":"FearPotion"},{"floor":12,"key":"DistilledChaos"},{"floor":18,"key":"CultistPotion"},{"floor":20,"key":"PowerPotion"},{"floor":31,"key":"Regen Potion"},{"floor":38,"key":"SteroidPotion"},{"floor":39,"key":"BlessingOfTheForge"}],"is_trial":false,"path_per_floor":["M","?","$","M","?","R","E","M","T","M","E","M","R","?","R","B",null,"M","M","M","M","$","R","E","M","T","R","?","E","R","M","R","B",null,"M","?","M","M","M","R","M","E","T","E","R","?","M","M","R","B","B",null,"R","$","E","B",null],"character_chosen":"IRONCLAD","basemod:card_modifiers":[null,null,null,null,null,null,null,null,null,null,null,null,null,null,null,null,null,null,null,null,null,null,null,null,null,null,null],"items_purchased":["Dark Embrace","Orrery","Lizard Tail","DuplicationPotion"],"campfire_rested":5,"item_purchase_floors":[3,22,54,54],"current_hp_per_floor":[74,51,51,57,50,50,56,55,55,51,19,10,32,37,59,27,63,51,48,45,34,34,56,36,30,40,65,43,14,40,50,50,25,72,71,72,62,74,74,74,78,87,87,84,84,84,88,98,98,97,98,98,98,98,98,84],"gold":82,"neow_bonus":"THREE_ENEMY_KILL","is_prod":false,"is_daily":false,"chose_seed":false,"campfire_upgraded":5,"win_rate":0,"timestamp":1731741556,"path_taken":["M","?","$","M","?","R","E","M","T","M","E","M","R","?","R","BOSS","M","M","M","M","$","R","E","M","T","R","?","E","R","M","R","BOSS","M","?","M","M","M","R","M","E","T","E","R","?","M","M","R","BOSS","BOSS","R","$","E","BOSS"],"build_version":"2022-12-18","purchased_purges":3,"victory":true,"max_hp_per_floor":[75,75,75,75,75,75,75,75,75,75,75,75,75,75,75,75,75,75,75,75,75,75,75,75,75,85,85,88,88,88,88,88,88,88,91,94,94,94,97,97,97,100,100,100,100,95,95,98,98,98,98,98,98,98,102,102],"relic_stats":{"Calipers":[981],"Torii":31,"counters":[34,125],"Dead Branch":[706],"Whetstone":["Cleave","Pommel Strike"],"War Paint":["Havoc","Defend_R"],"Burning Blood":192,"Blood Vial":2,"Lizard Tail":0,"Bird Faced Urn":[172],"Snecko Eye":[115,108,98,91,-108],"Pandora\u0027s Box":["Fire Breathing","Sword Boomerang","Sever Soul","Limit Break","Corruption","Brutality","Cleave"],"Tiny Chest":0,"Art of War":[8],"Kunai":[31],"obtain_stats":[{"Lantern":44,"Pear":26,"Calipers":36,"NeowsBlessing":0,"Torii":9,"Dead Branch":7,"Whetstone":42,"War Paint":14,"Burning Blood":0,"Du-Vu Doll":11,"Blood Vial":55,"Lizard Tail":54,"Bird Faced Urn":28,"Orrery":22,"Snecko Eye":34,"Pandora\u0027s Box":17,"Tiny Chest":29,"Art of War":24,"Kunai":28},{"Lantern":28,"Pear":15,"Calipers":22,"NeowsBlessing":0,"Torii":4,"Dead Branch":3,"Whetstone":27,"War Paint":8,"Burning Blood":0,"Du-Vu Doll":6,"Blood Vial":33,"Lizard Tail":32,"Bird Faced Urn":17,"Orrery":13,"Snecko Eye":20,"Pandora\u0027s Box":9,"Tiny Chest":18,"Art of War":14,"Kunai":17},{"Lantern":103,"Pear":51,"Calipers":80,"NeowsBlessing":0,"Torii":7,"Dead Branch":3,"Whetstone":100,"War Paint":21,"Burning Blood":0,"Du-Vu Doll":14,"Blood Vial":120,"Lizard Tail":116,"Bird Faced Urn":58,"Orrery":44,"Snecko Eye":73,"Pandora\u0027s Box":28,"Tiny Chest":61,"Art of War":48,"Kunai":58}]},"card_choices":[{"not_picked":["Armaments","Clash"],"picked":"Fire Breathing","floor":1.0},{"not_picked":["Heavy Blade","Thunderclap"],"picked":"Anger","floor":4.0},{"not_picked":["Body Slam","Iron Wave"],"picked":"Havoc","floor":7.0},{"not_picked":["Dual Wield","Dropkick"],"picked":"Spot Weakness","floor":8.0},{"not_picked":["Barricade","Perfected Strike","Iron Wave"],"picked":"SKIP","floor":10.0},{"not_picked":["Headbutt","Flex","Brutality"],"picked":"SKIP","floor":11.0},{"not_picked":["Perfected Strike","Fire Breathing"],"picked":"Carnage","floor":12},{"not_picked":["Heavy Blade","Reckless Charge"],"picked":"Pommel Strike","floor":14},{"not_picked":["Reaper","Impervious"],"picked":"Fiend Fire","floor":16},{"not_picked":["Sword Boomerang+1","Body Slam"],"picked":"Disarm","floor":18},{"not_picked":["Twin Strike","Dark Embrace","Clothesline"],"picked":"SKIP","floor":19},{"not_picked":["Heavy Blade","Sever Soul"],"picked":"Ghostly Armor","floor":20},{"not_picked":["Flex+1","Heavy Blade"],"picked":"Armaments","floor":21},{"not_picked":["Flex","Brutality"],"picked":"Shrug It Off","floor":22},{"not_picked":["Havoc","Cleave"],"picked":"Feed","floor":22},{"not_picked":["Iron Wave","Armaments"],"picked":"Rage","floor":22},{"not_picked":["Dropkick","Headbutt","Armaments"],"picked":"SKIP","floor":24},{"not_picked":["Perfected Strike","Reckless Charge"],"picked":"Shrug It Off","floor":25},{"not_picked":["Anger","Double Tap"],"picked":"Shockwave","floor":29},{"not_picked":["Wild Strike","Thunderclap","Perfected Strike"],"picked":"SKIP","floor":31},{"not_picked":["Berserk","Double Tap"],"picked":"Exhume","floor":33},{"not_picked":["Armaments","Sword Boomerang","Twin Strike"],"picked":"SKIP","floor":35},{"not_picked":["Shrug It Off","Warcry+1"],"picked":"Entrench+1","floor":36},{"not_picked":["Pommel Strike","Clash","Carnage"],"picked":"SKIP","floor":37},{"not_picked":["Whirlwind+1","Pommel Strike","True Grit"],"picked":"SKIP","floor":38},{"not_picked":["Havoc","Armaments","Flame Barrier"],"picked":"SKIP","floor":39},{"not_picked":["Infernal Blade","Warcry"],"picked":"Offering","floor":41},{"not_picked":["Rampage","Ghostly Armor"],"picked":"Seeing Red","floor":42},{"not_picked":["Demon Form","True Grit","Metallicize+1"],"picked":"SKIP","floor":44},{"not_picked":["True Grit","Twin Strike","Body Slam"],"picked":"SKIP","floor":47},{"not_picked":["Iron Wave","Fire Breathing","Wild Strike"],"picked":"SKIP","floor":48},{"not_picked":["Iron Wave","Whirlwind","Perfected Strike"],"picked":"SKIP","floor":55}],"player_experience":890375,"relics_obtained":[{"floor":7.0,"key":"Dead Branch"},{"floor":9.0,"key":"Torii"},{"floor":11.0,"key":"Du-Vu Doll"},{"floor":14,"key":"War Paint"},{"floor":24,"key":"Art of War"},{"floor":26,"key":"Pear"},{"floor":28,"key":"Bird Faced Urn"},{"floor":28,"key":"Kunai"},{"floor":29,"key":"Tiny Chest"},{"floor":36,"key":"Calipers"},{"floor":42,"key":"Whetstone"},{"floor":44,"key":"Lantern"},{"floor":55,"key":"Blood Vial"}],"event_choices":[{"damage_healed":0.0,"max_hp_gain":0.0,"max_hp_loss":0.0,"gold_gain":0.0,"event_name":"Shining Light","player_choice":"Entered Light","floor":2.0,"gold_loss":0.0,"damage_taken":23.0,"cards_upgraded":["Defend_R","Strike_R"]},{"cards_removed":["Strike_R"],"damage_healed":0.0,"max_hp_gain":0.0,"max_hp_loss":0.0,"gold_gain":0.0,"event_name":"Golden Wing","player_choice":"Card Removal","floor":5.0,"gold_loss":0.0,"damage_taken":7.0},{"damage_healed":0,"gold_gain":0,"player_choice":"Searched \u00271\u0027 times","damage_taken":0,"max_hp_gain":0,"max_hp_loss":0,"event_name":"Dead Adventurer","floor":14,"gold_loss":0},{"damage_healed":0,"gold_gain":0,"player_choice":"Fight","damage_taken":0,"max_hp_gain":0,"max_hp_loss":0,"event_name":"Colosseum","floor":28,"gold_loss":0},{"damage_healed":0,"gold_gain":0,"player_choice":"Fought Nobs","damage_taken":0,"max_hp_gain":0,"max_hp_loss":0,"event_name":"Colosseum","floor":28,"gold_loss":0},{"damage_healed":0,"gold_gain":0,"player_choice":"Fight","damage_taken":0,"max_hp_gain":0,"max_hp_loss":0,"event_name":"Mysterious Sphere","floor":36,"gold_loss":0},{"damage_healed":0,"gold_gain":0,"player_choice":"Max HP","damage_taken":0,"max_hp_gain":0,"max_hp_loss":5,"event_name":"Winding Halls","floor":46,"gold_loss":0}],"is_beta":false,"boss_relics":[{"not_picked":["Busted Crown","Black Star"],"picked":"Pandora\u0027s Box"},{"not_picked":["Runic Pyramid","Philosopher\u0027s Stone"],"picked":"Snecko Eye"}],"items_purged_floors":[3,22,54],"is_endless":false,"potions_floor_spawned":[1,8,12,18,20,28,31,38,39,42,44,48],"ascension_level":20}