{"gold_per_floor":[116,191,191,191,201,201,234,234,234,117,132,132,159,176,176,251,251,268,268,168,168,180,180,209,209,236,236,36,36,64,80,80,157,157,169,187,187,207,224,224,252,266,266,116,133,133,145,170,170,170,170,170,170,85,111,111],"floor_reached":57,"playtime":1941,"items_purged":["Strike_G","Bane","Dodge and Roll","Predator+1"],"score":3116,"play_id":"7913e2b1-544f-4118-a27d-0e0b42bc68ba","local_time":"20241116141819","is_ascension_mode":true,"campfire_choices":[{"data":"Predator","floor":6.0,"key":"SMITH"},{"data":"Blade Dance","floor":8.0,"key":"SMITH"},{"data":"Finisher","floor":12.0,"key":"SMITH"},{"data":"Blade Dance","floor":15.0,"key":"SMITH"},{"data":"Wraith Form v2","floor":23.0,"key":"SMITH"},{"data":"Acrobatics","floor":25.0,"key":"SMITH"},{"data":"Phantasmal Killer","floor":32.0,"key":"SMITH"},{"data":"Apotheosis","floor":40.0,"key":"SMITH"},{"floor":46.0,"key":"RECALL"},{"floor":49.0,"key":"REST"},{"data":"Well Laid Plans","floor":53.0,"key":"SMITH"}],"neow_cost":"NONE","seed_source_timestamp":3521045136100,"circlet_count":0,"master_deck":["AscendersBane","Survivor","Neutralize","Dagger Throw","Blade Dance+1","Accuracy","Finisher+1","Blade Dance+1","Night Terror","Wraith Form v2+1","Phantasmal Killer+1","Backstab","Tactician","Calculated Gamble","Acrobatics+1","Ghostly","Ghostly","Ghostly","Well Laid Plans+1","Backflip","Apotheosis+1","Madness","PanicButton","Escape Plan+1","Venomology","Backflip","Acrobatics+1","Blur"],"special_seed":0,"relics":["Ring of the Snake","NeowsBlessing","Ninja Scroll","Nunchaku","Centennial Puzzle","Gremlin Horn","Pandora\u0027s Box","Ancient Tea Set","MutagenicStrength","Omamori","Empty Cage","Vajra","Tingsha","Strawberry","Blood Vial"],"potions_floor_usage":[56,56,56],"damage_taken":[{"damage":0.0,"enemies":"2 Louse","floor":1.0,"turns":1.0},{"damage":0.0,"enemies":"Jaw Worm","floor":5.0,"turns":1.0},{"damage":0.0,"enemies":"Lagavulin","floor":7.0,"turns":1.0},{"damage":0.0,"enemies":"Small Slimes","floor":11.0,"turns":2.0},{"damage":0.0,"enemies":"Gremlin Nob","floor":13.0,"turns":2.0},{"damage":0.0,"enemies":"3 Louse","floor":14.0,"turns":2.0},{"damage":18.0,"enemies":"Hexaghost","floor":16.0,"turns":4.0},{"damage":7.0,"enemies":"Shell Parasite","floor":18.0,"turns":2.0},{"damage":0.0,"enemies":"2 Thieves","floor":22.0,"turns":1.0},{"damage":0.0,"enemies":"Slavers","floor":24.0,"turns":1.0},{"damage":0.0,"enemies":"Book of Stabbing","floor":30.0,"turns":1.0},{"damage":1.0,"enemies":"Cultist and Chosen","floor":31.0,"turns":3.0},{"damage":0.0,"enemies":"Collector","floor":33.0,"turns":3.0},{"damage":0.0,"enemies":"3 Darklings","floor":35.0,"turns":2.0},{"damage":3.0,"enemies":"3 Shapes","floor":36.0,"turns":6.0},{"damage":1.0,"enemies":"3 Darklings","floor":38.0,"turns":4.0},{"damage":0.0,"enemies":"Jaw Worm Horde","floor":39.0,"turns":2.0},{"damage":1.0,"enemies":"Giant Head","floor":41.0,"turns":4.0},{"damage":3.0,"enemies":"4 Shapes","floor":42.0,"turns":5.0},{"damage":1.0,"enemies":"Writhing Mass","floor":45.0,"turns":5.0},{"damage":0.0,"enemies":"Jaw Worm Horde","floor":47.0,"turns":2.0},{"damage":0.0,"enemies":"Reptomancer","floor":48.0,"turns":2.0},{"damage":11.0,"enemies":"Donu and Deca","floor":50.0,"turns":4.0},{"damage":5.0,"enemies":"Awakened One","floor":51.0,"turns":5.0},{"damage":0.0,"enemies":"Shield and Spear","floor":55.0,"turns":4.0},{"damage":31,"enemies":"The Heart","floor":56,"turns":10}],"seed_played":"7342469100366502278","potions_obtained":[{"floor":1.0,"key":"Dexterity Potion"},{"floor":7.0,"key":"Swift Potion"},{"floor":13.0,"key":"BlessingOfTheForge"},{"floor":22.0,"key":"Dexterity Potion"},{"floor":24.0,"key":"PowerPotion"},{"floor":47.0,"key":"Dexterity Potion"}],"is_trial":false,"path_per_floor":["M","?","?","T","M","R","E","R","T","$","M","R","E","M","R","B",null,"M","?","$","?","M","R","E","R","T","?","$","?","E","M","R","B",null,"M","M","?","M","M","R","E","M","T","$","M","R","M","E","R","B","B",null,"R","$","E","B",null],"character_chosen":"THE_SILENT","basemod:card_modifiers":[null,null,null,null,null,null,null,null,null,null,null,null,null,null,null,null,null,null,null,null,null,null,null,null,null,null,null,null],"items_purchased":["Accuracy","Well Laid Plans","DuplicationPotion"],"campfire_rested":1,"item_purchase_floors":[10,28,54],"current_hp_per_floor":[59,48,48,48,48,48,48,48,48,48,48,48,48,48,48,30,57,50,50,50,50,50,50,50,50,50,33,33,33,33,32,32,32,33,33,30,20,19,19,19,18,15,15,15,14,14,14,21,33,22,17,34,34,34,34,5],"gold":111,"neow_bonus":"THREE_ENEMY_KILL","is_prod":false,"is_daily":false,"chose_seed":false,"campfire_upgraded":9,"win_rate":0,"timestamp":1731734299,"path_taken":["M","?","?","?","?","R","E","R","T","$","M","R","E","M","R","BOSS","M","?","$","?","?","R","E","R","T","?","$","?","E","M","R","BOSS","M","M","?","M","M","R","E","M","T","$","M","R","M","E","R","BOSS","BOSS","R","$","E","BOSS"],"build_version":"2022-12-18","purchased_purges":4,"victory":true,"max_hp_per_floor":[66,66,66,66,66,66,66,66,66,66,66,66,66,66,66,66,66,66,66,66,66,66,66,66,66,66,33,33,33,33,33,33,33,33,33,33,33,33,33,33,33,33,33,33,33,33,33,40,40,40,40,40,40,40,40,40],"relic_stats":{"Blood Vial":2,"Nunchaku":[40],"Centennial Puzzle":[33],"Gremlin Horn":[31,31],"counters":[26,79],"Pandora\u0027s Box":["Dodge and Roll","Cloak And Dagger","Flying Knee","Bane","Dodge and Roll","Night Terror","Wraith Form v2","Phantasmal Killer","Backstab"],"Tingsha":[257],"Omamori":0,"Ancient Tea Set":[12],"obtain_stats":[{"NeowsBlessing":0,"Gremlin Horn":13,"Vajra":41,"Tingsha":43,"Omamori":30,"Ancient Tea Set":24,"Empty Cage":34,"Blood Vial":55,"Nunchaku":7,"Centennial Puzzle":9,"Ninja Scroll":4,"MutagenicStrength":29,"Strawberry":48,"Pandora\u0027s Box":17,"Ring of the Snake":0},{"NeowsBlessing":0,"Gremlin Horn":5,"Vajra":18,"Tingsha":19,"Omamori":11,"Ancient Tea Set":10,"Empty Cage":13,"Blood Vial":25,"Nunchaku":3,"Centennial Puzzle":3,"Ninja Scroll":1,"MutagenicStrength":10,"Strawberry":22,"Pandora\u0027s Box":7,"Ring of the Snake":0},{"NeowsBlessing":0,"Gremlin Horn":7,"Vajra":42,"Tingsha":47,"Omamori":18,"Ancient Tea Set":17,"Empty Cage":24,"Blood Vial":69,"Nunchaku":3,"Centennial Puzzle":3,"Ninja Scroll":1,"MutagenicStrength":17,"Strawberry":56,"Pandora\u0027s Box":13,"Ring of the Snake":0}],"Ring of the Snake":[52]},"card_choices":[{"not_picked":["Sucker Punch","Choke"],"picked":"Dagger Throw","floor":1.0},{"not_picked":["Noxious Fumes","Flechettes"],"picked":"Predator","floor":5.0},{"not_picked":["Infinite Blades","Bane"],"picked":"Blade Dance","floor":7.0},{"not_picked":["Outmaneuver","Caltrops"],"picked":"Finisher","floor":11.0},{"not_picked":["Underhanded Strike","Unload","Flying Knee"],"picked":"SKIP","floor":13.0},{"not_picked":["Escape Plan","Calculated Gamble"],"picked":"Blade Dance","floor":14.0},{"not_picked":["Catalyst","Concentrate"],"picked":"Tactician","floor":18.0},{"not_picked":["Backflip","Outmaneuver","Blade Dance"],"picked":"SKIP","floor":22.0},{"not_picked":["Choke","Quick Slash"],"picked":"Acrobatics","floor":24.0},{"not_picked":["Slice","Malaise","Dodge and Roll"],"picked":"SKIP","floor":30.0},{"not_picked":["Slice","Bane","Sucker Punch"],"picked":"SKIP","floor":31.0},{"not_picked":["Cloak And Dagger","Distraction","Flying Knee+1"],"picked":"SKIP","floor":35.0},{"not_picked":["Deadly Poison","Bane"],"picked":"Backflip","floor":36.0},{"not_picked":["Deep Breath","Enlightenment"],"picked":"Apotheosis","floor":37.0},{"not_picked":["PanicButton","Good Instincts"],"picked":"Madness","floor":37.0},{"not_picked":["Forethought","Panache"],"picked":"PanicButton","floor":37.0},{"not_picked":["Blade Dance+1","Quick Slash","PiercingWail"],"picked":"SKIP","floor":38.0},{"not_picked":["Flying Knee","Sucker Punch"],"picked":"Escape Plan+1","floor":39.0},{"not_picked":["Skewer","Endless Agony"],"picked":"Venomology","floor":41.0},{"not_picked":["Bane","Caltrops+1"],"picked":"Backflip","floor":42.0},{"not_picked":["Flying Knee","Catalyst"],"picked":"Acrobatics+1","floor":45.0},{"not_picked":["Outmaneuver","Quick Slash"],"picked":"Blur","floor":47.0},{"not_picked":["PiercingWail","Backstab","Bane"],"picked":"SKIP","floor":48.0},{"not_picked":["Finisher","Acrobatics","Eviscerate+1"],"picked":"SKIP","floor":55.0}],"player_experience":885419,"relics_obtained":[{"floor":4.0,"key":"Ninja Scroll"},{"floor":7.0,"key":"Nunchaku"},{"floor":9.0,"key":"Centennial Puzzle"},{"floor":13.0,"key":"Gremlin Horn"},{"floor":24.0,"key":"Ancient Tea Set"},{"floor":30.0,"key":"Omamori"},{"floor":41.0,"key":"Vajra"},{"floor":43.0,"key":"Tingsha"},{"floor":48.0,"key":"Strawberry"},{"floor":55.0,"key":"Blood Vial"}],"event_choices":[{"damage_healed":0.0,"max_hp_gain":0.0,"max_hp_loss":0.0,"gold_gain":75.0,"event_name":"World of Goop","player_choice":"Gather Gold","floor":2.0,"gold_loss":0.0,"damage_taken":11.0},{"damage_healed":0.0,"max_hp_gain":0.0,"max_hp_loss":0.0,"gold_gain":0.0,"event_name":"Liars Game","player_choice":"Ignored","floor":3.0,"gold_loss":0.0,"damage_taken":0.0},{"damage_healed":0.0,"max_hp_gain":0.0,"max_hp_loss":0.0,"gold_gain":0.0,"event_name":"The Library","player_choice":"Read","floor":19.0,"gold_loss":0.0,"damage_taken":0.0,"cards_obtained":["Calculated Gamble"]},{"cards_removed":["Dodge and Roll"],"damage_healed":0.0,"max_hp_gain":0.0,"max_hp_loss":0.0,"gold_gain":0.0,"event_name":"Purifier","player_choice":"Purged","floor":21.0,"gold_loss":0.0,"damage_taken":0.0},{"damage_healed":0.0,"max_hp_gain":0.0,"max_hp_loss":33.0,"gold_gain":0.0,"event_name":"Ghosts","player_choice":"Became a Ghost","floor":27.0,"gold_loss":0.0,"damage_taken":0.0,"cards_obtained":["Ghostly","Ghostly","Ghostly"]},{"damage_healed":0.0,"max_hp_gain":0.0,"max_hp_loss":0.0,"gold_gain":0.0,"event_name":"Drug Dealer","player_choice":"Inject Mutagens","floor":29.0,"gold_loss":0.0,"damage_taken":0.0,"relics_obtained":["MutagenicStrength"]},{"damage_healed":0.0,"max_hp_gain":0.0,"max_hp_loss":0.0,"gold_gain":0.0,"event_name":"SensoryStone","player_choice":"Memory 3","floor":37.0,"gold_loss":0.0,"damage_taken":10.0}],"is_beta":false,"boss_relics":[{"not_picked":["Cursed Key","Tiny House"],"picked":"Pandora\u0027s Box"},{"not_picked":["Calling Bell","Runic Dome"],"picked":"Empty Cage"}],"items_purged_floors":[10,20,28,44],"is_endless":false,"potions_floor_spawned":[1,7,13,22,24,33,36,39,42,45,47],"ascension_level":20}