{"gold_per_floor":[364,364,379,38,113,113,138,138,138,169,169,187,200,214,214,214],"floor_reached":16,"playtime":378,"items_purged":["Defend_G"],"score":220,"play_id":"6b860bef-c4bd-4b8d-9295-4be99ed0f477","local_time":"20241116175144","is_ascension_mode":true,"campfire_choices":[{"data":"Dagger Spray","floor":6,"key":"SMITH"},{"data":"Bouncing Flask","floor":8,"key":"SMITH"},{"floor":15,"key":"REST"}],"neow_cost":"TEN_PERCENT_HP_LOSS","seed_source_timestamp":18257096292300,"circlet_count":0,"master_deck":["AscendersBane","Strike_G","Strike_G","Strike_G","Strike_G","Strike_G","Defend_G","Defend_G","Defend_G","Defend_G","Survivor","Neutralize","Backflip","Slice","Dagger Spray+1","Bouncing Flask+1","Dagger Throw","Outmaneuver","Reflex"],"relics":["Ring of the Snake","FaceOfCleric","ClockworkSouvenir","Juzu Bracelet","White Beast Statue","Calipers"],"potions_floor_usage":[7,10,16,16],"damage_taken":[{"damage":4,"enemies":"Jaw Worm","floor":1,"turns":7},{"damage":1,"enemies":"Cultist","floor":3,"turns":4},{"damage":12,"enemies":"3 Sentries","floor":7,"turns":6},{"damage":12,"enemies":"Lagavulin","floor":10,"turns":5},{"damage":0,"enemies":"2 Louse","floor":12,"turns":2},{"damage":10,"enemies":"2 Fungi Beasts","floor":13,"turns":2},{"damage":13,"enemies":"Exordium Wildlife","floor":14,"turns":5},{"damage":56,"enemies":"Slime Boss","floor":16,"turns":10}],"seed_played":"-4671140449016737989","potions_obtained":[{"floor":7,"key":"Poison Potion"},{"floor":10,"key":"Regen Potion"},{"floor":12,"key":"ColorlessPotion"},{"floor":13,"key":"PowerPotion"}],"is_trial":false,"path_per_floor":["M","?","M","$","?","R","E","R","T","E","?","M","M","M","R","B"],"character_chosen":"THE_SILENT","basemod:card_modifiers":[null,null,null,null,null,null,null,null,null,null,null,null,null,null,null,null,null,null,null],"items_purchased":["ClockworkSouvenir","Dagger Spray","BlessingOfTheForge"],"campfire_rested":1,"item_purchase_floors":[4,4,4],"current_hp_per_floor":[55,55,55,55,44,44,33,33,33,22,43,44,35,23,42,1],"gold":214,"neow_bonus":"TWO_FIFTY_GOLD","is_prod":false,"is_daily":false,"chose_seed":false,"campfire_upgraded":2,"win_rate":0,"timestamp":1731747104,"path_taken":["M","?","?","$","?","R","E","R","T","E","?","M","M","M","R","BOSS"],"build_version":"2022-12-18","purchased_purges":1,"victory":false,"max_hp_per_floor":[60,60,61,61,61,61,62,62,62,63,63,64,65,66,66,66],"relic_stats":{"Calipers":[0],"FaceOfCleric":6,"counters":[8,41],"Juzu Bracelet":0,"obtain_stats":[{"Calipers":10,"FaceOfCleric":2,"Juzu Bracelet":7,"White Beast Statue":9,"Ring of the Snake":0,"ClockworkSouvenir":4},{"Calipers":4,"FaceOfCleric":1,"Juzu Bracelet":3,"White Beast Statue":3,"Ring of the Snake":0,"ClockworkSouvenir":2},{"Calipers":22,"FaceOfCleric":7,"Juzu Bracelet":17,"White Beast Statue":17,"Ring of the Snake":0,"ClockworkSouvenir":11}],"White Beast Statue":[0.0,0.012000000000000004,0.0,0.22400000000000006,0.0,0.5280000000000001,0.0,0.22400000000000006,0.0,0.012000000000000004,0.0,2.0],"Ring of the Snake":[16]},"card_choices":[{"not_picked":["Outmaneuver","Leg Sweep"],"picked":"Backflip","floor":1},{"not_picked":["Cloak And Dagger","Crippling Poison"],"picked":"Slice","floor":3},{"not_picked":["Riddle With Holes","Distraction"],"picked":"Bouncing Flask","floor":7},{"not_picked":["Heel Hook","Backstab"],"picked":"Dagger Throw","floor":10},{"not_picked":["Dagger Throw","Grand Finale"],"picked":"Outmaneuver","floor":12},{"not_picked":["Blade Dance","Heel Hook"],"picked":"Reflex","floor":13},{"not_picked":["Sucker Punch","Caltrops","Deflect"],"picked":"SKIP","floor":14}],"player_experience":895186,"relics_obtained":[{"floor":7,"key":"Juzu Bracelet"},{"floor":9,"key":"White Beast Statue"},{"floor":10,"key":"Calipers"}],"event_choices":[{"damage_healed":0,"gold_gain":0,"player_choice":"Trade","damage_taken":0,"relics_obtained":["FaceOfCleric"],"max_hp_gain":0,"max_hp_loss":0,"event_name":"FaceTrader","floor":2,"gold_loss":0},{"damage_healed":0,"gold_gain":75,"player_choice":"Gather Gold","damage_taken":11,"max_hp_gain":0,"max_hp_loss":0,"event_name":"World of Goop","floor":5,"gold_loss":0},{"damage_healed":21,"gold_gain":0,"player_choice":"Banana","damage_taken":0,"max_hp_gain":0,"max_hp_loss":0,"event_name":"Big Fish","floor":11,"gold_loss":0}],"is_beta":false,"boss_relics":[],"items_purged_floors":[4],"is_endless":false,"potions_floor_spawned":[7,10,12,13,14],"killed_by":"Slime Boss","ascension_level":20}