{"gold_per_floor":[110,110,129,144,144,144,155,155,182,182,202,252,252,279,279,352,352,367,367],"floor_reached":19,"playtime":443,"items_purged":[],"score":334,"play_id":"2bb2fc4c-5bf8-48e5-aa54-5a40addac5d5","local_time":"20241116162756","is_ascension_mode":true,"campfire_choices":[{"data":"All Out Attack","floor":6.0,"key":"SMITH"},{"data":"Dagger Throw","floor":8.0,"key":"SMITH"},{"data":"Reflex","floor":10.0,"key":"SMITH"},{"data":"Blade Dance","floor":13.0,"key":"SMITH"},{"floor":15.0,"key":"REST"}],"neow_cost":"NONE","seed_source_timestamp":13123672538000,"circlet_count":0,"master_deck":["AscendersBane","Strike_G","Strike_G","Strike_G","Strike_G","Strike_G","Defend_G","Defend_G","Defend_G","Defend_G","Survivor","Neutralize","Reflex+1","All Out Attack+1","Acrobatics","Dagger Throw+1","Blade Dance+1","Well Laid Plans","Envenom","CurseOfTheBell"],"special_seed":0,"relics":["Ring of the Snake","Potion Belt","Orichalcum","MealTicket","Calling Bell","Nunchaku","Eternal Feather","StoneCalendar"],"potions_floor_usage":[16,16],"damage_taken":[{"damage":5.0,"enemies":"Jaw Worm","floor":1.0,"turns":6.0},{"damage":3.0,"enemies":"2 Louse","floor":3.0,"turns":2.0},{"damage":1.0,"enemies":"Small Slimes","floor":4.0,"turns":3.0},{"damage":1.0,"enemies":"Red Slaver","floor":7.0,"turns":3.0},{"damage":0.0,"enemies":"3 Louse","floor":11.0,"turns":1.0},{"damage":13.0,"enemies":"3 Sentries","floor":14.0,"turns":6.0},{"damage":46,"enemies":"Slime Boss","floor":16,"turns":8},{"damage":45,"enemies":"Chosen","floor":18,"turns":5},{"damage":5,"enemies":"3 Byrds","floor":19,"turns":1}],"seed_played":"525462678232676321","potions_obtained":[{"floor":1.0,"key":"Energy Potion"},{"floor":3.0,"key":"Fire Potion"}],"is_trial":false,"path_per_floor":["M","?","M","M","?","R","M","R","T","R","M","T","R","E","R","B",null,"M","M"],"character_chosen":"THE_SILENT","basemod:card_modifiers":[null,null,null,null,null,null,null,null,null,null,null,null,null,null,null,null,null,null,null,null],"items_purchased":[],"campfire_rested":1,"item_purchase_floors":[],"current_hp_per_floor":[54,54,51,50,43,43,42,42,42,42,42,42,42,29,48,2,50,5,0],"gold":367,"neow_bonus":"THREE_CARDS","is_prod":false,"is_daily":false,"chose_seed":false,"campfire_upgraded":4,"win_rate":0,"timestamp":1731742076,"path_taken":["M","?","M","M","?","R","M","R","T","R","M","?","R","E","R","BOSS","M","M"],"build_version":"2022-12-18","purchased_purges":0,"victory":false,"max_hp_per_floor":[66,66,66,66,66,66,66,66,66,66,66,66,66,66,66,66,66,66,66],"relic_stats":{"Nunchaku":[1],"counters":[9,35],"MealTicket":0,"Eternal Feather":0,"StoneCalendar":[0],"Orichalcum":[54],"obtain_stats":[{"Potion Belt":9,"Calling Bell":17,"Nunchaku":17,"MealTicket":14,"Eternal Feather":17,"StoneCalendar":17,"Orichalcum":12,"Ring of the Snake":0},{"Potion Belt":4,"Calling Bell":7,"Nunchaku":7,"MealTicket":6,"Eternal Feather":7,"StoneCalendar":7,"Orichalcum":5,"Ring of the Snake":0},{"Potion Belt":14,"Calling Bell":29,"Nunchaku":29,"MealTicket":21,"Eternal Feather":29,"StoneCalendar":29,"Orichalcum":15,"Ring of the Snake":0}],"Ring of the Snake":[18]},"card_choices":[{"not_picked":["Prepared","Cloak And Dagger"],"picked":"Reflex","floor":0.0},{"not_picked":["Poisoned Stab","Cloak And Dagger"],"picked":"All Out Attack","floor":1.0},{"not_picked":["Leg Sweep","Bane"],"picked":"Acrobatics","floor":3.0},{"not_picked":["Flying Knee","Terror"],"picked":"Dagger Throw","floor":4.0},{"not_picked":["All Out Attack","Backflip","Bane"],"picked":"SKIP","floor":7.0},{"not_picked":["Quick Slash","Outmaneuver"],"picked":"Blade Dance","floor":11.0},{"not_picked":["Cloak And Dagger","Acrobatics"],"picked":"Well Laid Plans","floor":14.0},{"not_picked":["Die Die Die","Malaise"],"picked":"Envenom","floor":16},{"not_picked":["Dagger Spray","Sucker Punch+1","Skewer+1"],"picked":"SKIP","floor":18}],"player_experience":892443,"relics_obtained":[{"floor":9.0,"key":"Potion Belt"},{"floor":12.0,"key":"Orichalcum"},{"floor":14.0,"key":"MealTicket"},{"floor":17,"key":"Nunchaku"},{"floor":17,"key":"Eternal Feather"},{"floor":17,"key":"StoneCalendar"}],"event_choices":[{"damage_healed":0.0,"max_hp_gain":0.0,"max_hp_loss":0.0,"gold_gain":0.0,"event_name":"Liars Game","player_choice":"Ignored","floor":2.0,"gold_loss":0.0,"damage_taken":0.0},{"cards_removed":["Defend_G"],"damage_healed":0.0,"max_hp_gain":0.0,"max_hp_loss":0.0,"gold_gain":0.0,"event_name":"Golden Wing","player_choice":"Card Removal","floor":5.0,"gold_loss":0.0,"damage_taken":7.0}],"is_beta":false,"boss_relics":[{"not_picked":["Busted Crown","Coffee Dripper"],"picked":"Calling Bell"}],"items_purged_floors":[],"is_endless":false,"potions_floor_spawned":[1,3],"killed_by":"3 Byrds","ascension_level":20}