{"gold_per_floor":[360,193,193,204,221,221,248,248,272,307,307,324,249,273,273,352,352,311,0,20,40,50,78,93,119,119,119,130,5,20,30,30,107,107,125,144,144,154,154,154,184,134,212,212,231,231,241,272,272,272,272,272,272,89,124,124],"floor_reached":57,"playtime":2282,"items_purged":["Strike_R","Strike_R","Defend_R","Defend_R","Anger+1"],"score":3178,"play_id":"24ea05a7-48f5-4378-8653-a20f4c029bf2","local_time":"20241120223335","is_ascension_mode":true,"campfire_choices":[{"data":"Anger","floor":6.0,"key":"SMITH"},{"data":"Battle Trance","floor":8.0,"key":"SMITH"},{"data":"Bash","floor":11.0,"key":"SMITH"},{"data":"True Grit","floor":15.0,"key":"SMITH"},{"data":"Power Through","floor":32.0,"key":"SMITH"},{"data":"Sentinel","floor":40.0,"key":"SMITH"},{"floor":44.0,"key":"RECALL"},{"data":"Impervious","floor":49.0,"key":"SMITH"},{"data":"Evolve","floor":53.0,"key":"SMITH"}],"neow_cost":"PERCENT_DAMAGE","seed_source_timestamp":34537323782400,"circlet_count":0,"master_deck":["AscendersBane","Defend_R","Defend_R","Bash+1","Evolve+1","Headbutt","Battle Trance+1","Impervious+1","Impervious","Power Through+1","True Grit+1","Feed","Dark Embrace","Flame Barrier","Barricade","Armaments+1","Burning Pact","Ghostly Armor","Body Slam","Sever Soul","Sentinel+1","Body Slam","Dark Embrace","Master of Strategy","Mayhem","Flame Barrier","Disarm"],"special_seed":0,"relics":["Burning Blood","MealTicket","Blood Vial","Oddly Smooth Stone","Odd Mushroom","Snecko Eye","Orrery","Smiling Mask","StrikeDummy","Mark of Pain","Incense Burner","Pantograph","Eternal Feather","Gremlin Horn"],"potions_floor_usage":[56],"damage_taken":[{"damage":1.0,"enemies":"Cultist","floor":1.0,"turns":3.0},{"damage":9.0,"enemies":"Jaw Worm","floor":4.0,"turns":4.0},{"damage":4.0,"enemies":"2 Louse","floor":5.0,"turns":3.0},{"damage":11.0,"enemies":"Gremlin Nob","floor":7.0,"turns":3.0},{"damage":15.0,"enemies":"Lagavulin","floor":10.0,"turns":5.0},{"damage":5.0,"enemies":"Looter","floor":12.0,"turns":3.0},{"damage":9.0,"enemies":"The Mushroom Lair","floor":14.0,"turns":5.0},{"damage":12.0,"enemies":"Hexaghost","floor":16.0,"turns":10.0},{"damage":5.0,"enemies":"2 Thieves","floor":18.0,"turns":5.0},{"damage":0.0,"enemies":"3 Byrds","floor":20.0,"turns":3.0},{"damage":0.0,"enemies":"Centurion and Healer","floor":21.0,"turns":7.0},{"damage":0.0,"enemies":"Snecko","floor":22.0,"turns":10.0},{"damage":0.0,"enemies":"Book of Stabbing","floor":23.0,"turns":7.0},{"damage":12.0,"enemies":"Cultist and Chosen","floor":24.0,"turns":7.0},{"damage":0.0,"enemies":"Gremlin Leader","floor":25.0,"turns":7.0},{"damage":0.0,"enemies":"Snake Plant","floor":28.0,"turns":4.0},{"damage":10.0,"enemies":"Centurion and Healer","floor":30.0,"turns":6.0},{"damage":0.0,"enemies":"Sentry and Sphere","floor":31.0,"turns":6.0},{"damage":0.0,"enemies":"Champ","floor":33.0,"turns":6.0},{"damage":0.0,"enemies":"Orb Walker","floor":35.0,"turns":3.0},{"damage":0.0,"enemies":"3 Darklings","floor":36.0,"turns":5.0},{"damage":0.0,"enemies":"4 Shapes","floor":38.0,"turns":6.0},{"damage":0.0,"enemies":"Nemesis","floor":41.0,"turns":5.0},{"damage":0.0,"enemies":"Maw","floor":45.0,"turns":8.0},{"damage":26.0,"enemies":"Sphere and 2 Shapes","floor":47.0,"turns":6.0},{"damage":14.0,"enemies":"Reptomancer","floor":48.0,"turns":5.0},{"damage":13.0,"enemies":"Time Eater","floor":50.0,"turns":9.0},{"damage":0.0,"enemies":"Donu and Deca","floor":51.0,"turns":6.0},{"damage":0.0,"enemies":"Shield and Spear","floor":55.0,"turns":6.0},{"damage":23,"enemies":"The Heart","floor":56,"turns":8}],"seed_played":"-6558852158895296229","potions_obtained":[{"floor":1.0,"key":"HeartOfIron"},{"floor":5.0,"key":"Ancient Potion"},{"floor":14.0,"key":"Swift Potion"},{"floor":16.0,"key":"Weak Potion"},{"floor":21.0,"key":"Block Potion"},{"floor":25.0,"key":"PowerPotion"},{"floor":33.0,"key":"LiquidMemories"},{"floor":55.0,"key":"SkillPotion"}],"is_trial":false,"path_per_floor":["M","$","?","M","M","R","E","R","T","E","R","M","?","?","R","B",null,"M","$","M","M","M","E","M","E","T","?","M","$","M","M","R","B",null,"M","M","?","M","?","R","E","$","T","R","M","?","M","E","R","B","B",null,"R","$","E","B",null],"character_chosen":"IRONCLAD","basemod:card_modifiers":[null,null,null,null,null,null,null,null,null,null,null,null,null,null,null,null,null,null,null,null,null,null,null,null,null,null,null],"items_purchased":["Evolve","Anger","Dark Embrace","Orrery","Dark Embrace","Disarm","Swift Potion"],"campfire_rested":0,"item_purchase_floors":[2,2,19,19,29,54,54],"current_hp_per_floor":[55,55,48,45,47,47,42,42,42,35,35,38,38,37,37,33,65,68,75,75,79,82,85,83,93,93,93,96,96,95,99,99,99,99,99,102,92,103,100,100,100,100,100,100,100,100,80,74,89,93,100,100,100,100,100,83],"gold":124,"neow_bonus":"TWO_FIFTY_GOLD","is_prod":false,"is_daily":false,"chose_seed":false,"campfire_upgraded":8,"win_rate":0,"timestamp":1732109615,"path_taken":["M","$","?","M","M","R","E","R","T","E","R","M","?","?","R","BOSS","M","$","M","M","M","E","M","E","T","?","M","?","M","M","R","BOSS","M","M","?","M","?","R","E","$","T","R","M","?","M","E","R","BOSS","BOSS","R","$","E","BOSS"],"build_version":"2022-12-18","purchased_purges":5,"victory":true,"max_hp_per_floor":[75,75,75,75,75,75,75,75,75,75,75,75,75,75,75,75,75,75,75,75,79,82,85,89,93,93,93,96,96,99,99,99,99,99,99,102,102,105,100,100,100,100,100,100,100,100,100,100,100,100,100,100,100,100,100,100],"relic_stats":{"Blood Vial":18,"Gremlin Horn":[0,0],"counters":[30,171],"Pantograph":18,"Snecko Eye":[334,325,319,325,-388],"MealTicket":7,"Eternal Feather":15,"Smiling Mask":300,"obtain_stats":[{"Gremlin Horn":55,"Oddly Smooth Stone":10,"Eternal Feather":48,"Incense Burner":41,"Odd Mushroom":14,"Smiling Mask":23,"Burning Blood":0,"Blood Vial":9,"Pantograph":43,"Snecko Eye":17,"Orrery":19,"MealTicket":7,"Mark of Pain":34,"StrikeDummy":25},{"Gremlin Horn":29,"Oddly Smooth Stone":5,"Eternal Feather":26,"Incense Burner":23,"Odd Mushroom":7,"Smiling Mask":13,"Burning Blood":0,"Blood Vial":4,"Pantograph":23,"Snecko Eye":8,"Orrery":9,"MealTicket":4,"Mark of Pain":19,"StrikeDummy":15},{"Gremlin Horn":163,"Oddly Smooth Stone":18,"Eternal Feather":142,"Incense Burner":123,"Odd Mushroom":26,"Smiling Mask":68,"Burning Blood":0,"Blood Vial":13,"Pantograph":123,"Snecko Eye":36,"Orrery":41,"MealTicket":13,"Mark of Pain":104,"StrikeDummy":82}],"Burning Blood":102},"card_choices":[{"not_picked":["Seeing Red","Twin Strike","Burning Pact"],"picked":"SKIP","floor":1.0},{"not_picked":["Twin Strike","Warcry"],"picked":"Headbutt","floor":4.0},{"not_picked":["Cleave","Rage"],"picked":"Battle Trance","floor":5.0},{"not_picked":["Disarm","Thunderclap"],"picked":"Impervious","floor":7.0},{"not_picked":["Body Slam","Combust"],"picked":"Impervious","floor":10.0},{"not_picked":["True Grit","Clothesline"],"picked":"Power Through","floor":12.0},{"not_picked":["Wild Strike","Dropkick"],"picked":"True Grit","floor":14.0},{"not_picked":["Fiend Fire","Corruption"],"picked":"Feed","floor":16.0},{"not_picked":["Wild Strike","Searing Blow","Clash"],"picked":"SKIP","floor":18.0},{"not_picked":["Rage+1","Evolve"],"picked":"Flame Barrier","floor":19.0},{"not_picked":["Shockwave+1","Rupture"],"picked":"Barricade","floor":19.0},{"not_picked":["Searing Blow","Shrug It Off"],"picked":"Armaments+1","floor":19.0},{"not_picked":["Reckless Charge","Havoc"],"picked":"Burning Pact","floor":19.0},{"not_picked":["Pummel","Body Slam"],"picked":"Ghostly Armor","floor":19.0},{"not_picked":["Spot Weakness","Twin Strike"],"picked":"Body Slam","floor":20.0},{"not_picked":["Perfected Strike","Dropkick"],"picked":"Sever Soul","floor":21.0},{"not_picked":["Iron Wave","Twin Strike","Juggernaut"],"picked":"SKIP","floor":22.0},{"not_picked":["Heavy Blade","Battle Trance","Blood for Blood"],"picked":"SKIP","floor":23.0},{"not_picked":["Pummel","Sword Boomerang"],"picked":"Sentinel","floor":24.0},{"not_picked":["Cleave","Warcry"],"picked":"Body Slam","floor":25.0},{"not_picked":["Pommel Strike","Body Slam","Anger"],"picked":"SKIP","floor":28.0},{"not_picked":["Pommel Strike","Body Slam","Anger"],"picked":"SKIP","floor":28.0},{"not_picked":["Havoc","Pommel Strike","Shrug It Off+1"],"picked":"SKIP","floor":30.0},{"not_picked":["Perfected Strike","Barricade","Inflame+1"],"picked":"SKIP","floor":31.0},{"not_picked":["Iron Wave","Ghostly Armor","Flex"],"picked":"SKIP","floor":35.0},{"not_picked":["Sentinel","Fire Breathing","Flex"],"picked":"SKIP","floor":36.0},{"not_picked":["Good Instincts","Dark Shackles"],"picked":"Master of Strategy","floor":37.0},{"not_picked":["Flash of Steel","Forethought"],"picked":"Mayhem","floor":37.0},{"not_picked":["Heavy Blade+1","Sword Boomerang","Iron Wave+1"],"picked":"SKIP","floor":38.0},{"not_picked":["Body Slam","Clothesline+1"],"picked":"Flame Barrier","floor":41.0},{"not_picked":["Iron Wave","Heavy Blade","Dropkick"],"picked":"SKIP","floor":45.0},{"not_picked":["Headbutt","Perfected Strike","Sword Boomerang"],"picked":"SKIP","floor":47.0},{"not_picked":["True Grit","Juggernaut","Rampage"],"picked":"SKIP","floor":48.0},{"not_picked":["Dropkick","Shrug It Off","Cleave+1"],"picked":"SKIP","floor":55.0}],"player_experience":902339,"relics_obtained":[{"floor":7.0,"key":"MealTicket"},{"floor":9.0,"key":"Blood Vial"},{"floor":10.0,"key":"Oddly Smooth Stone"},{"floor":14.0,"key":"Odd Mushroom"},{"floor":23.0,"key":"Smiling Mask"},{"floor":25.0,"key":"StrikeDummy"},{"floor":41.0,"key":"Incense Burner"},{"floor":43.0,"key":"Pantograph"},{"floor":48.0,"key":"Eternal Feather"},{"floor":55.0,"key":"Gremlin Horn"}],"event_choices":[{"cards_removed":["Strike_R"],"damage_healed":0.0,"max_hp_gain":0.0,"max_hp_loss":0.0,"gold_gain":0.0,"event_name":"Golden Wing","player_choice":"Card Removal","floor":3.0,"gold_loss":0.0,"damage_taken":7.0},{"cards_removed":["Strike_R"],"damage_healed":0.0,"max_hp_gain":0.0,"max_hp_loss":0.0,"gold_gain":0.0,"event_name":"The Cleric","player_choice":"Card Removal","floor":13.0,"gold_loss":75.0,"damage_taken":0.0},{"damage_healed":0.0,"max_hp_gain":0.0,"max_hp_loss":0.0,"gold_gain":0.0,"event_name":"Mushrooms","player_choice":"Fought Mushrooms","floor":14.0,"gold_loss":0.0,"damage_taken":0.0},{"cards_removed":["Strike_R"],"damage_healed":0.0,"max_hp_gain":0.0,"max_hp_loss":0.0,"gold_gain":0.0,"event_name":"Bonfire Elementals","player_choice":"Offered Basic","floor":27.0,"gold_loss":0.0,"damage_taken":0.0},{"damage_healed":0.0,"max_hp_gain":0.0,"max_hp_loss":0.0,"gold_gain":0.0,"event_name":"SensoryStone","player_choice":"Memory 3","floor":37.0,"gold_loss":0.0,"damage_taken":10.0},{"damage_healed":0.0,"max_hp_gain":0.0,"max_hp_loss":5.0,"gold_gain":0.0,"event_name":"Winding Halls","player_choice":"Max HP","floor":39.0,"gold_loss":0.0,"damage_taken":0.0},{"damage_healed":0.0,"max_hp_gain":0.0,"max_hp_loss":0.0,"gold_gain":0.0,"event_name":"Tomb of Lord Red Mask","player_choice":"Ignored","floor":46.0,"gold_loss":0.0,"damage_taken":0.0}],"is_beta":false,"boss_relics":[{"not_picked":["Empty Cage","Black Star"],"picked":"Snecko Eye"},{"not_picked":["Sozu","SacredBark"],"picked":"Mark of Pain"}],"items_purged_floors":[2,19,29,42,54],"is_endless":false,"potions_floor_spawned":[1,5,14,16,21,22,24,25,31,33,36,41,47,55],"ascension_level":20}