{"gold_per_floor":[362,362,165,180,16,44,44,44,44,63,63,73,91,25,25,126,126,140,140,140,239,259,259,269,44,44,44,57,57,10,20,20,119,119,131,141,141,154,29,29,44,44,44,44,44,61,61,0,0,0],"floor_reached":51,"playtime":593,"items_purged":["Strike_R","Strike_R","Strike_R"],"score":645,"play_id":"622c31bd-b0be-497b-b368-0f61c3ad1b24","local_time":"20241120231056","is_ascension_mode":false,"campfire_choices":[{"data":"Whirlwind","floor":7.0,"key":"SMITH"},{"floor":11.0,"key":"REST"},{"data":"Demon Form","floor":15.0,"key":"SMITH"},{"floor":23.0,"key":"REST"},{"floor":32.0,"key":"REST"},{"floor":40.0,"key":"REST"},{"floor":42.0,"key":"RECALL"},{"floor":44.0,"key":"REST"},{"data":"Bloodletting","floor":49.0,"key":"SMITH"}],"neow_cost":"TEN_PERCENT_HP_LOSS","seed_source_timestamp":39226835677600,"circlet_count":0,"master_deck":["Strike_R","Strike_R","Defend_R","Defend_R","Bash","Anger","Limit Break","Pommel Strike","Pommel Strike","Demon Form+1","Whirlwind+1","Seeing Red","Shrug It Off","Limit Break","Necronomicurse","Bloodletting+1","Entrench+1","Dark Embrace","Shrug It Off","Whirlwind","Corruption","Burning Pact+1","Disarm","Master of Strategy","Seeing Red+1","Warcry+1"],"special_seed":0,"relics":["Burning Blood","Juzu Bracelet","Blue Candle","Regal Pillow","SacredBark","Necronomicon","Mango","WarpedTongs","Blood Vial","Cursed Key","Red Mask"],"potions_floor_usage":[50,50,50],"damage_taken":[{"damage":5.0,"enemies":"2 Louse","floor":1.0,"turns":3.0},{"damage":1.0,"enemies":"Cultist","floor":4.0,"turns":3.0},{"damage":31.0,"enemies":"3 Sentries","floor":6.0,"turns":7.0},{"damage":18.0,"enemies":"Jaw Worm","floor":10.0,"turns":3.0},{"damage":1.0,"enemies":"2 Fungi Beasts","floor":12.0,"turns":2.0},{"damage":7.0,"enemies":"Blue Slaver","floor":13.0,"turns":2.0},{"damage":46.0,"enemies":"Hexaghost","floor":16.0,"turns":5.0},{"damage":22.0,"enemies":"Spheric Guardian","floor":18.0,"turns":4.0},{"damage":23.0,"enemies":"Shell Parasite","floor":22.0,"turns":3.0},{"damage":37.0,"enemies":"3 Cultists","floor":24.0,"turns":4.0},{"damage":25.0,"enemies":"Shelled Parasite and Fungi","floor":28.0,"turns":4.0},{"damage":41.0,"enemies":"Snake Plant","floor":31.0,"turns":5.0},{"damage":26.0,"enemies":"Champ","floor":33.0,"turns":6.0},{"damage":24.0,"enemies":"Orb Walker","floor":35.0,"turns":3.0},{"damage":32.0,"enemies":"3 Shapes","floor":36.0,"turns":6.0},{"damage":5.0,"enemies":"Sphere and 2 Shapes","floor":38.0,"turns":3.0},{"damage":28.0,"enemies":"Transient","floor":41.0,"turns":5.0},{"damage":12.0,"enemies":"3 Darklings","floor":46.0,"turns":2.0},{"damage":74,"enemies":"Awakened One","floor":50,"turns":5}],"seed_played":"3317660645578811699","potions_obtained":[{"floor":10.0,"key":"Block Potion"},{"floor":12.0,"key":"SpeedPotion"},{"floor":13.0,"key":"SteroidPotion"},{"floor":24.0,"key":"LiquidMemories"},{"floor":33.0,"key":"BloodPotion"},{"floor":36.0,"key":"BloodPotion"},{"floor":41.0,"key":"Energy Potion"}],"is_trial":false,"path_per_floor":["M","?","$","M","$","E","R","?","T","M","R","M","M","?","R","B",null,"M","?","?","?","M","R","M","$","T","?","M","?","$","M","R","B",null,"M","M","?","M","$","R","M","R","T","R","$","M","?","?","R","B",null],"character_chosen":"IRONCLAD","basemod:card_modifiers":[null,null,null,null,null,null,null,null,null,null,null,null,null,null,null,null,null,null,null,null,null,null,null,null,null,null],"items_purchased":["Pommel Strike","DistilledChaos","Demon Form","Dark Embrace","BloodPotion","Shrug It Off"],"campfire_rested":5,"item_purchase_floors":[3,3,5,25,25,30],"current_hp_per_floor":[72,72,72,72,72,47,47,47,47,35,56,61,60,60,60,20,72,56,40,40,40,23,59,28,28,42,42,23,23,23,24,64,46,86,68,44,44,47,47,86,64,64,64,86,86,80,80,80,80,82],"gold":0,"neow_bonus":"TWO_FIFTY_GOLD","is_prod":false,"is_daily":false,"chose_seed":false,"campfire_upgraded":3,"win_rate":0,"timestamp":1732111856,"path_taken":["M","?","?","M","$","E","R","?","T","M","R","M","M","?","R","BOSS","M","?","?","?","M","R","M","?","T","?","M","?","$","M","R","BOSS","M","M","?","M","$","R","M","R","T","R","$","M","?","?","R","BOSS"],"build_version":"2022-12-18","purchased_purges":3,"victory":true,"max_hp_per_floor":[72,72,72,72,72,72,72,72,72,72,72,72,72,72,72,72,72,72,72,72,72,72,72,72,72,86,86,86,86,86,86,86,86,86,86,86,86,86,86,86,86,86,86,86,86,86,86,86,86,86],"relic_stats":{"Blood Vial":10,"Regal Pillow":44,"counters":[19,75],"Blue Candle":[11],"Juzu Bracelet":3,"Necronomicon":[22],"Cursed Key":1,"obtain_stats":[{"Blood Vial":29,"Regal Pillow":14,"Blue Candle":9,"SacredBark":17,"Mango":26,"Juzu Bracelet":6,"Necronomicon":19,"Red Mask":48,"Cursed Key":34,"Burning Blood":0,"WarpedTongs":27},{"Blood Vial":11,"Regal Pillow":6,"Blue Candle":3,"SacredBark":7,"Mango":10,"Juzu Bracelet":3,"Necronomicon":8,"Red Mask":18,"Cursed Key":13,"Burning Blood":0,"WarpedTongs":10},{"Blood Vial":40,"Regal Pillow":20,"Blue Candle":13,"SacredBark":25,"Mango":36,"Juzu Bracelet":13,"Necronomicon":29,"Red Mask":70,"Cursed Key":51,"Burning Blood":0,"WarpedTongs":36}],"Burning Blood":108,"WarpedTongs":[39]},"card_choices":[{"not_picked":["Clothesline","Perfected Strike"],"picked":"Anger","floor":1.0},{"not_picked":["Anger","Sword Boomerang"],"picked":"Pommel Strike","floor":4.0},{"not_picked":["Flex","Rupture"],"picked":"Whirlwind","floor":6.0},{"not_picked":["Shrug It Off","Heavy Blade"],"picked":"Seeing Red","floor":10.0},{"not_picked":["True Grit","Clothesline","Twin Strike"],"picked":"SKIP","floor":12.0},{"not_picked":["Cleave","Demon Form"],"picked":"Shrug It Off","floor":13.0},{"not_picked":["Immolate","Berserk"],"picked":"Limit Break","floor":16.0},{"not_picked":["True Grit","Iron Wave","Rampage"],"picked":"SKIP","floor":18.0},{"not_picked":["Clothesline","Combust","Twin Strike"],"picked":"SKIP","floor":22.0},{"not_picked":["Clothesline+1","Clash"],"picked":"Entrench+1","floor":24.0},{"not_picked":["Blood for Blood","Sword Boomerang","Seeing Red"],"picked":"SKIP","floor":28.0},{"not_picked":["Thunderclap","Iron Wave"],"picked":"Whirlwind","floor":31.0},{"not_picked":["Immolate","Barricade"],"picked":"Corruption","floor":33.0},{"not_picked":["Combust","Sword Boomerang+1"],"picked":"Burning Pact+1","floor":35.0},{"not_picked":["Pommel Strike","Anger+1"],"picked":"Disarm","floor":36.0},{"not_picked":["Madness","Magnetism"],"picked":"Master of Strategy","floor":37.0},{"not_picked":["Reckless Charge","Metallicize+1","Searing Blow"],"picked":"SKIP","floor":38.0},{"not_picked":["Flex","Searing Blow+1"],"picked":"Seeing Red+1","floor":41.0},{"not_picked":["Hemokinesis","Spot Weakness"],"picked":"Warcry+1","floor":46.0}],"player_experience":904621,"relics_obtained":[{"floor":6.0,"key":"Juzu Bracelet"},{"floor":9.0,"key":"Blue Candle"},{"floor":19.0,"key":"Necronomicon"},{"floor":26.0,"key":"Mango"}],"event_choices":[{"damage_healed":0.0,"max_hp_gain":0.0,"max_hp_loss":0.0,"gold_gain":0.0,"cards_transformed":["Defend_R"],"event_name":"Transmorgrifier","player_choice":"Transformed","floor":2.0,"gold_loss":0.0,"damage_taken":0.0,"cards_obtained":["Limit Break"]},{"cards_removed":["Defend_R"],"damage_healed":0.0,"max_hp_gain":0.0,"max_hp_loss":0.0,"gold_gain":0.0,"event_name":"Purifier","player_choice":"Purged","floor":8.0,"gold_loss":0.0,"damage_taken":0.0},{"damage_healed":0.0,"max_hp_gain":0.0,"max_hp_loss":0.0,"gold_gain":0.0,"event_name":"WeMeetAgain","player_choice":"Paid Gold","floor":14.0,"gold_loss":66.0,"damage_taken":0.0,"relics_obtained":["Regal Pillow"]},{"damage_healed":0.0,"max_hp_gain":0.0,"max_hp_loss":0.0,"gold_gain":0.0,"event_name":"Cursed Tome","player_choice":"Obtained Book","floor":19.0,"gold_loss":0.0,"damage_taken":16.0},{"damage_healed":0.0,"max_hp_gain":0.0,"max_hp_loss":0.0,"gold_gain":0.0,"event_name":"The Library","player_choice":"Read","floor":20.0,"gold_loss":0.0,"damage_taken":0.0,"cards_obtained":["Bloodletting"]},{"damage_healed":0.0,"max_hp_gain":0.0,"max_hp_loss":0.0,"gold_gain":99.0,"event_name":"Nest","player_choice":"Stole From Cult","floor":21.0,"gold_loss":0.0,"damage_taken":0.0},{"damage_healed":0.0,"max_hp_gain":0.0,"max_hp_loss":0.0,"gold_gain":0.0,"event_name":"Accursed Blacksmith","player_choice":"Rummage","floor":27.0,"gold_loss":0.0,"damage_taken":0.0,"relics_obtained":["WarpedTongs"],"cards_obtained":["Pain"]},{"damage_healed":0.0,"max_hp_gain":0.0,"max_hp_loss":0.0,"gold_gain":0.0,"event_name":"Addict","player_choice":"Stole Relic","floor":29.0,"gold_loss":0.0,"damage_taken":0.0,"relics_obtained":["Blood Vial"],"cards_obtained":["Shame"]},{"damage_healed":0.0,"max_hp_gain":0.0,"max_hp_loss":0.0,"gold_gain":0.0,"event_name":"SensoryStone","player_choice":"Memory 1","floor":37.0,"gold_loss":0.0,"damage_taken":0.0},{"cards_removed":["Shame","Shame","Pain"],"damage_healed":0.0,"max_hp_gain":0.0,"max_hp_loss":0.0,"gold_gain":0.0,"event_name":"Fountain of Cleansing","player_choice":"Removed Curses","floor":47.0,"gold_loss":0.0,"damage_taken":0.0},{"damage_healed":0.0,"max_hp_gain":0.0,"max_hp_loss":0.0,"gold_gain":0.0,"event_name":"Tomb of Lord Red Mask","player_choice":"Paid","floor":48.0,"gold_loss":61.0,"damage_taken":0.0,"relics_obtained":["Red Mask"]}],"is_beta":false,"boss_relics":[{"not_picked":["Runic Cube","Sozu"],"picked":"SacredBark"},{"not_picked":["Black Star","Calling Bell"],"picked":"Cursed Key"}],"items_purged_floors":[3,25,39],"is_endless":false,"potions_floor_spawned":[10,12,13,24,33,36,41,46],"ascension_level":0}