{"gold_per_floor":[112,187,202,202,202,228,18,50,50,50,67,84,84,84,84,162,162,178,178,192,203,253,253,281,281,281,314,331,331,351,351,351,425,425,439,38,38,63,77,103,130,130,155,155,174,202,40,0,0,0,0,0,0,0,26,26],"floor_reached":57,"playtime":2684,"items_purged":["Defend_B"],"score":3268,"play_id":"9d0f6790-6782-4c02-a6ce-0c7ad50dd596","local_time":"20241121200240","is_ascension_mode":true,"campfire_choices":[{"floor":10.0,"key":"REST"},{"data":"Barrage","floor":13.0,"key":"SMITH"},{"data":"Sweeping Beam","floor":15.0,"key":"SMITH"},{"floor":23.0,"key":"REST"},{"floor":25.0,"key":"REST"},{"floor":29.0,"key":"REST"},{"floor":32.0,"key":"RECALL"},{"floor":42,"key":"REST"},{"floor":44,"key":"REST"},{"floor":49,"key":"REST"},{"floor":53,"key":"REST"}],"neow_cost":"NONE","seed_source_timestamp":3866789451900,"circlet_count":0,"master_deck":["AscendersBane","Strike_B+1","Strike_B+1","Defend_B","Zap","Dualcast+1","Sweeping Beam+1","Barrage+1","Coolheaded","Ball Lightning","Compile Driver","Glacier","Creative AI","White Noise","Chill","Melter","Recycle+1","Compile Driver","Buffer","Ghostly+1","Ghostly","Ghostly","Echo Form","Turbo","Aggregate","Force Field+1","Compile Driver","Coolheaded+1"],"special_seed":0,"relics":["Cracked Core","NeowsBlessing","Mummified Hand","Lee\u0027s Waffle","Akabeko","Ornamental Fan","Fusion Hammer","Question Card","HornCleat","WingedGreaves","Black Star","Dead Branch","Peace Pipe","Bronze Scales","Dream Catcher","CaptainsWheel","War Paint","StoneCalendar","Frozen Egg 2","ClockworkSouvenir","Red Mask","Pen Nib","Nunchaku"],"potions_floor_usage":[50,50,50],"damage_taken":[{"damage":0.0,"enemies":"Cultist","floor":1.0,"turns":1.0},{"damage":0.0,"enemies":"Small Slimes","floor":3.0,"turns":1.0},{"damage":0.0,"enemies":"3 Sentries","floor":6.0,"turns":1.0},{"damage":40.0,"enemies":"Lagavulin","floor":8.0,"turns":8.0},{"damage":7.0,"enemies":"Jaw Worm","floor":11.0,"turns":2.0},{"damage":11.0,"enemies":"Large Slime","floor":12.0,"turns":4.0},{"damage":0.0,"enemies":"Slime Boss","floor":16.0,"turns":5.0},{"damage":12.0,"enemies":"2 Thieves","floor":18.0,"turns":4.0},{"damage":0.0,"enemies":"3 Byrds","floor":20.0,"turns":5.0},{"damage":20.0,"enemies":"Shelled Parasite and Fungi","floor":21.0,"turns":3.0},{"damage":11.0,"enemies":"Gremlin Leader","floor":24.0,"turns":6.0},{"damage":36.0,"enemies":"Book of Stabbing","floor":27.0,"turns":5.0},{"damage":9.0,"enemies":"Cultist and Chosen","floor":28.0,"turns":6.0},{"damage":0.0,"enemies":"Sentry and Sphere","floor":30.0,"turns":2.0},{"damage":0.0,"enemies":"Automaton","floor":33.0,"turns":10.0},{"damage":0.0,"enemies":"3 Darklings","floor":35.0,"turns":6.0},{"damage":4.0,"enemies":"Mind Bloom Boss Battle","floor":38.0,"turns":5.0},{"damage":0.0,"enemies":"3 Shapes","floor":39.0,"turns":6.0},{"damage":7.0,"enemies":"Nemesis","floor":40.0,"turns":7.0},{"damage":16,"enemies":"Giant Head","floor":41,"turns":9},{"damage":0,"enemies":"Sphere and 2 Shapes","floor":45,"turns":3},{"damage":22,"enemies":"Reptomancer","floor":46,"turns":6},{"damage":17,"enemies":"Awakened One","floor":50,"turns":18},{"damage":0,"enemies":"Donu and Deca","floor":51,"turns":8},{"damage":0,"enemies":"Shield and Spear","floor":55,"turns":7},{"damage":28,"enemies":"The Heart","floor":56,"turns":11}],"seed_played":"5031926960902254689","potions_obtained":[{"floor":8.0,"key":"FearPotion"},{"floor":20.0,"key":"Weak Potion"},{"floor":27.0,"key":"Weak Potion"},{"floor":28.0,"key":"Regen Potion"},{"floor":30.0,"key":"PotionOfCapacity"},{"floor":45,"key":"Energy Potion"}],"is_trial":false,"path_per_floor":["M","?","M","?","?","E","$","E","T","R","M","M","R","?","R","B",null,"M","?","M","M","?","R","E","R","T","E","M","R","M","?","R","B",null,"M","$","?","?","M","E","E","R","T","R","M","E","$","?","R","B","B",null,"R","$","E","B",null],"character_chosen":"DEFECT","basemod:card_modifiers":[null,null,null,null,null,null,null,null,null,null,null,null,null,null,null,null,null,null,null,null,null,null,null,null,null,null,null,null],"items_purchased":["Lee\u0027s Waffle","Fire Potion","Dead Branch","ClockworkSouvenir"],"campfire_rested":8,"item_purchase_floors":[7,7,36,47],"current_hp_per_floor":[64,53,53,46,25,25,78,38,38,61,54,43,43,43,43,43,69,57,57,57,37,37,60,49,72,72,36,27,50,50,39,39,39,39,39,39,37,33,33,26,10,21,21,32,32,10,10,10,21,4,4,29,37,37,37,9],"gold":26,"neow_bonus":"THREE_ENEMY_KILL","is_prod":false,"is_daily":false,"chose_seed":false,"campfire_upgraded":2,"win_rate":0,"timestamp":1732186960,"path_taken":["M","?","M","?","?","E","$","E","T","R","M","M","R","?","R","BOSS","M","?","M","M","?","R","E","R","T","E","M","R","M","?","R","BOSS","M","$","?","?","M","E","E","R","T","R","M","E","$","?","R","BOSS","BOSS","R","$","E","BOSS"],"build_version":"2022-12-18","purchased_purges":1,"victory":true,"max_hp_per_floor":[71,71,71,71,71,71,78,78,78,78,78,78,78,78,78,78,78,78,78,78,78,78,78,78,78,78,78,78,78,78,39,39,39,39,39,39,37,37,37,37,37,37,37,37,37,37,37,37,37,37,37,37,37,37,37,37],"relic_stats":{"Lee\u0027s Waffle":53,"counters":[26,148],"Dead Branch":[122],"StoneCalendar":[174],"Pen Nib":[2],"War Paint":["Dualcast","Ghostly"],"Question Card":16,"Peace Pipe":1,"Dream Catcher":4,"Nunchaku":[2],"Mummified Hand":[238],"Ornamental Fan":[220],"Bronze Scales":[363],"WingedGreaves":3,"Black Star":4,"obtain_stats":[{"Lee\u0027s Waffle":7,"NeowsBlessing":0,"Dead Branch":36,"StoneCalendar":46,"Pen Nib":55,"War Paint":41,"Frozen Egg 2":46,"Question Card":24,"Akabeko":8,"ClockworkSouvenir":47,"Peace Pipe":38,"Dream Catcher":40,"CaptainsWheel":41,"Nunchaku":55,"HornCleat":26,"Mummified Hand":6,"Ornamental Fan":9,"Bronze Scales":40,"Fusion Hammer":17,"WingedGreaves":27,"Black Star":34,"Red Mask":48,"Cracked Core":0},{"Lee\u0027s Waffle":3,"NeowsBlessing":0,"Dead Branch":16,"StoneCalendar":22,"Pen Nib":25,"War Paint":20,"Frozen Egg 2":22,"Question Card":11,"Akabeko":4,"ClockworkSouvenir":22,"Peace Pipe":17,"Dream Catcher":19,"CaptainsWheel":20,"Nunchaku":25,"HornCleat":11,"Mummified Hand":3,"Ornamental Fan":4,"Bronze Scales":19,"Fusion Hammer":7,"WingedGreaves":12,"Black Star":15,"Red Mask":22,"Cracked Core":0},{"Lee\u0027s Waffle":3,"NeowsBlessing":0,"Dead Branch":69,"StoneCalendar":105,"Pen Nib":137,"War Paint":96,"Frozen Egg 2":105,"Question Card":40,"Akabeko":11,"ClockworkSouvenir":105,"Peace Pipe":74,"Dream Catcher":87,"CaptainsWheel":96,"Nunchaku":137,"HornCleat":40,"Mummified Hand":3,"Ornamental Fan":11,"Bronze Scales":87,"Fusion Hammer":22,"WingedGreaves":45,"Black Star":63,"Red Mask":105,"Cracked Core":0}]},"card_choices":[{"not_picked":["Barrage","Capacitor"],"picked":"Sweeping Beam","floor":1.0},{"not_picked":["Consume","Sweeping Beam"],"picked":"Barrage","floor":3.0},{"not_picked":["Barrage","Buffer"],"picked":"Coolheaded","floor":6.0},{"not_picked":["Hyperbeam","Go for the Eyes"],"picked":"Ball Lightning","floor":8.0},{"not_picked":["Leap","Turbo"],"picked":"Compile Driver","floor":11.0},{"not_picked":["Heatsinks","BootSequence"],"picked":"Glacier","floor":12.0},{"not_picked":["Hyperbeam","Seek"],"picked":"Creative AI","floor":16.0},{"not_picked":["Go for the Eyes","Redo"],"picked":"White Noise","floor":18.0},{"not_picked":["Redo","Go for the Eyes","Scrape"],"picked":"SKIP","floor":20.0},{"not_picked":["Tempest","Conserve Battery","Rebound"],"picked":"SKIP","floor":21.0},{"not_picked":["Capacitor+1","Cold Snap"],"picked":"Recycle+1","floor":24.0},{"not_picked":["Hyperbeam","Ball Lightning","Tempest"],"picked":"Compile Driver","floor":27.0},{"not_picked":["Sweeping Beam","Leap","Barrage","Sunder"],"picked":"SKIP","floor":28.0},{"not_picked":["Stack","Defragment","Darkness"],"picked":"Buffer","floor":30.0},{"not_picked":["Core Surge","Hyperbeam","Multi-Cast"],"picked":"Echo Form","floor":33.0},{"not_picked":["Glacier+1","Gash","Recycle","Stack"],"picked":"SKIP","floor":35.0},{"not_picked":["Compile Driver+1","Sweeping Beam","Rip and Tear","Redo"],"picked":"SKIP","floor":39.0},{"not_picked":["Go for the Eyes","FTL+1","Streamline","Lockon+1"],"picked":"SKIP","floor":40.0},{"not_picked":["Sunder","Hologram","Steam Power"],"picked":"Turbo","floor":41},{"not_picked":["Blizzard+1","Steam+1","Stack+1"],"picked":"Aggregate","floor":42},{"not_picked":["Fusion+1","Streamline+1","Barrage"],"picked":"Force Field+1","floor":45},{"not_picked":["Recycle+1","Steam Power","Turbo","Redo"],"picked":"SKIP","floor":46},{"not_picked":["Recycle+1","Steam Power","Turbo","Redo"],"picked":"SKIP","floor":46},{"not_picked":["Double Energy","Rebound","Sweeping Beam"],"picked":"Compile Driver","floor":49},{"not_picked":["Buffer+1","White Noise","Conserve Battery"],"picked":"Coolheaded+1","floor":53},{"not_picked":["Aggregate","Go for the Eyes","Cold Snap","Reprogram"],"picked":"SKIP","floor":55}],"player_experience":909808,"relics_obtained":[{"floor":6.0,"key":"Mummified Hand"},{"floor":8.0,"key":"Akabeko"},{"floor":9.0,"key":"Ornamental Fan"},{"floor":24.0,"key":"Question Card"},{"floor":26.0,"key":"HornCleat"},{"floor":27.0,"key":"WingedGreaves"},{"floor":38.0,"key":"Peace Pipe"},{"floor":40.0,"key":"Bronze Scales"},{"floor":40.0,"key":"Dream Catcher"},{"floor":41,"key":"CaptainsWheel"},{"floor":41,"key":"War Paint"},{"floor":46,"key":"StoneCalendar"},{"floor":46,"key":"Frozen Egg 2"},{"floor":55,"key":"Pen Nib"},{"floor":55,"key":"Nunchaku"}],"event_choices":[{"damage_healed":0.0,"max_hp_gain":0.0,"max_hp_loss":0.0,"gold_gain":75.0,"event_name":"World of Goop","player_choice":"Gather Gold","floor":2.0,"gold_loss":0.0,"damage_taken":11.0},{"cards_removed":["Defend_B"],"damage_healed":0.0,"max_hp_gain":0.0,"max_hp_loss":0.0,"gold_gain":0.0,"event_name":"Golden Wing","player_choice":"Card Removal","floor":4.0,"gold_loss":0.0,"damage_taken":7.0},{"damage_healed":0.0,"max_hp_gain":0.0,"max_hp_loss":0.0,"gold_gain":0.0,"event_name":"Shining Light","player_choice":"Entered Light","floor":5.0,"gold_loss":0.0,"damage_taken":21.0,"cards_upgraded":["Strike_B","Strike_B"]},{"cards_removed":["Strike_B"],"damage_healed":0.0,"max_hp_gain":0.0,"max_hp_loss":0.0,"gold_gain":0.0,"event_name":"Living Wall","player_choice":"Forget","floor":14.0,"gold_loss":0.0,"damage_taken":0.0},{"damage_healed":0.0,"max_hp_gain":0.0,"max_hp_loss":0.0,"gold_gain":0.0,"cards_transformed":["Strike_B","Defend_B"],"event_name":"Drug Dealer","player_choice":"Became Test Subject","floor":19.0,"gold_loss":0.0,"damage_taken":0.0,"cards_obtained":["Chill","Melter"]},{"damage_healed":0.0,"max_hp_gain":0.0,"max_hp_loss":0.0,"gold_gain":50.0,"event_name":"Nest","player_choice":"Stole From Cult","floor":22.0,"gold_loss":0.0,"damage_taken":0.0},{"damage_healed":0.0,"max_hp_gain":0.0,"max_hp_loss":39.0,"gold_gain":0.0,"event_name":"Ghosts","player_choice":"Became a Ghost","floor":31.0,"gold_loss":0.0,"damage_taken":0.0,"cards_obtained":["Ghostly","Ghostly","Ghostly"]},{"damage_healed":0.0,"max_hp_gain":0.0,"max_hp_loss":2.0,"gold_gain":0.0,"event_name":"Winding Halls","player_choice":"Max HP","floor":37.0,"gold_loss":0.0,"damage_taken":0.0},{"damage_healed":0.0,"max_hp_gain":0.0,"max_hp_loss":0.0,"gold_gain":0.0,"event_name":"MindBloom","player_choice":"Fight","floor":38.0,"gold_loss":0.0,"damage_taken":0.0},{"damage_healed":0,"gold_gain":0,"player_choice":"Paid","damage_taken":0,"relics_obtained":["Red Mask"],"max_hp_gain":0,"max_hp_loss":0,"event_name":"Tomb of Lord Red Mask","floor":48,"gold_loss":40}],"is_beta":false,"boss_relics":[{"not_picked":["Coffee Dripper","Ectoplasm"],"picked":"Fusion Hammer"},{"not_picked":["Runic Dome","Sozu"],"picked":"Black Star"}],"items_purged_floors":[36],"is_endless":false,"potions_floor_spawned":[8,11,20,27,28,30,33,35,39,45],"ascension_level":20}