{"gold_per_floor":[117,129,204,164,178,178,211,222,248,275,291,291,317,317],"floor_reached":14,"playtime":409,"items_purged":[],"score":220,"play_id":"6eebcd49-e671-4175-8969-d029058edfaf","local_time":"20241120010544","is_ascension_mode":true,"campfire_choices":[{"data":"Dualcast","floor":6.0,"key":"SMITH"},{"floor":12,"key":"REST"}],"neow_cost":"NONE","seed_source_timestamp":8488145394600,"circlet_count":0,"master_deck":["AscendersBane","Strike_B","Strike_B+1","Strike_B","Defend_B","Defend_B","Defend_B+1","Defend_B","Zap","Dualcast+1","Conserve Battery","Glacier+1","Darkness","Cold Snap+1","Genetic Algorithm","Compile Driver","Beam Cell"],"special_seed":0,"relics":["Cracked Core","Nunchaku","Whetstone","War Paint","Potion Belt"],"potions_floor_usage":[7],"damage_taken":[{"damage":2.0,"enemies":"Cultist","floor":1.0,"turns":4.0},{"damage":3.0,"enemies":"2 Louse","floor":2.0,"turns":3.0},{"damage":8.0,"enemies":"Small Slimes","floor":5.0,"turns":4.0},{"damage":20,"enemies":"Gremlin Nob","floor":7,"turns":5},{"damage":2,"enemies":"3 Louse","floor":8,"turns":5},{"damage":1,"enemies":"Lagavulin","floor":10,"turns":9},{"damage":2,"enemies":"Red Slaver","floor":11,"turns":4},{"damage":22,"enemies":"3 Sentries","floor":13,"turns":12},{"damage":14,"enemies":"Large Slime","floor":14,"turns":5}],"seed_played":"-7979476202860706665","potions_obtained":[{"floor":4.0,"key":"Strength Potion"},{"floor":4.0,"key":"Dexterity Potion"},{"floor":5.0,"key":"AttackPotion"},{"floor":8,"key":"Energy Potion"}],"is_trial":false,"path_per_floor":["M","M","?","?","M","R","E","M","T","E","M","R","E","M"],"character_chosen":"DEFECT","basemod:card_modifiers":[null,null,null,null,null,null,null,null,null,null,null,null,null,null,null,null,null],"items_purchased":[],"campfire_rested":1,"item_purchase_floors":[],"current_hp_per_floor":[62,59,48,48,40,40,20,18,18,17,15,36,14,0],"gold":317,"neow_bonus":"REMOVE_CARD","is_prod":false,"is_daily":false,"chose_seed":false,"campfire_upgraded":1,"win_rate":0,"timestamp":1732032344,"path_taken":["M","M","?","?","?","R","E","?","T","E","M","R","E","M"],"build_version":"2022-12-18","purchased_purges":0,"victory":false,"max_hp_per_floor":[71,71,71,71,71,71,71,71,71,71,71,71,71,71],"relic_stats":{"Nunchaku":[3],"counters":[9,51],"Whetstone":["Strike_B","Cold Snap"],"War Paint":["Glacier","Defend_B"],"obtain_stats":[{"Potion Belt":13,"Nunchaku":7,"Whetstone":9,"War Paint":10,"Cracked Core":0},{"Potion Belt":8,"Nunchaku":4,"Whetstone":5,"War Paint":6,"Cracked Core":0},{"Potion Belt":46,"Nunchaku":16,"Whetstone":21,"War Paint":30,"Cracked Core":0}]},"card_choices":[{"not_picked":["Melter","Gash"],"picked":"Conserve Battery","floor":1.0},{"not_picked":["Genetic Algorithm","Conserve Battery"],"picked":"Glacier","floor":2.0},{"not_picked":["Steam Power","Gash"],"picked":"Darkness","floor":5.0},{"not_picked":["Heatsinks","Recycle","Gash"],"picked":"SKIP","floor":7},{"not_picked":["Rip and Tear","Redo"],"picked":"Cold Snap","floor":8},{"not_picked":["Double Energy","Undo"],"picked":"Genetic Algorithm","floor":10},{"not_picked":["Ball Lightning","Chill"],"picked":"Compile Driver","floor":11},{"not_picked":["Chill","Melter"],"picked":"Beam Cell","floor":13}],"player_experience":899146,"relics_obtained":[{"floor":7,"key":"Nunchaku"},{"floor":9,"key":"Whetstone"},{"floor":10,"key":"War Paint"},{"floor":13,"key":"Potion Belt"}],"event_choices":[{"damage_healed":0.0,"max_hp_gain":0.0,"max_hp_loss":0.0,"gold_gain":75.0,"event_name":"World of Goop","player_choice":"Gather Gold","floor":3.0,"gold_loss":0.0,"damage_taken":11.0},{"damage_healed":0.0,"max_hp_gain":0.0,"max_hp_loss":0.0,"gold_gain":0.0,"event_name":"The Woman in Blue","player_choice":"Bought 3 Potions","floor":4.0,"gold_loss":0.0,"damage_taken":0.0}],"is_beta":false,"boss_relics":[],"items_purged_floors":[],"is_endless":false,"potions_floor_spawned":[5,8,10],"killed_by":"Large Slime","ascension_level":20}