{"gold_per_floor":[110,35,35,46,46,46,66,66,66,84,109,149,163,186,186,276,276,292,312,28,53,73,73,73],"floor_reached":24,"playtime":584,"items_purged":["Strike_B"],"score":454,"play_id":"cbb8391f-0211-4546-bd83-d4bcac3b7c43","local_time":"20241121184201","is_ascension_mode":true,"campfire_choices":[{"floor":6,"key":"REST"},{"floor":15,"key":"REST"},{"floor":23,"key":"REST"}],"neow_cost":"CURSE","seed_source_timestamp":1307272126000,"circlet_count":0,"master_deck":["AscendersBane","Strike_B","Strike_B","Strike_B","Defend_B","Defend_B","Defend_B","Defend_B+1","Zap","Dualcast","Electrodynamics","Ball Lightning","Rebound","Ball Lightning","Barrage","Steam","Undo+1","Coolheaded","Meteor Strike","Fission","Capacitor","Defragment","Turbo"],"special_seed":0,"relics":["Cracked Core","Golden Idol","Pear","SlaversCollar","War Paint"],"potions_floor_usage":[12,15,22],"damage_taken":[{"damage":9.0,"enemies":"2 Louse","floor":1.0,"turns":2.0},{"damage":12,"enemies":"Small Slimes","floor":4,"turns":2},{"damage":9,"enemies":"Jaw Worm","floor":7,"turns":3},{"damage":8,"enemies":"Blue Slaver","floor":10,"turns":3},{"damage":12,"enemies":"Looter","floor":11,"turns":3},{"damage":0,"enemies":"3 Sentries","floor":12,"turns":2},{"damage":4,"enemies":"2 Fungi Beasts","floor":13,"turns":3},{"damage":16,"enemies":"3 Louse","floor":14,"turns":3},{"damage":15,"enemies":"Slime Boss","floor":16,"turns":7},{"damage":6,"enemies":"3 Byrds","floor":18,"turns":3},{"damage":29,"enemies":"Chosen","floor":19,"turns":5},{"damage":27,"enemies":"Centurion and Healer","floor":21,"turns":7},{"damage":46,"enemies":"Cultist and Chosen","floor":22,"turns":7},{"damage":32,"enemies":"Gremlin Leader","floor":24,"turns":4}],"seed_played":"-8546350003772802217","potions_obtained":[{"floor":10,"key":"SkillPotion"},{"floor":11,"key":"SteroidPotion"},{"floor":13,"key":"Fruit Juice"},{"floor":21,"key":"FairyPotion"}],"is_trial":false,"path_per_floor":["M","?","?","M","$","R","M","?","T","M","M","E","M","M","R","B",null,"M","M","$","M","M","R","E"],"character_chosen":"DEFECT","basemod:card_modifiers":[null,null,null,null,null,null,null,null,null,null,null,null,null,null,null,null,null,null,null,null,null,null,null],"items_purchased":["Capacitor","War Paint"],"campfire_rested":3,"item_purchase_floors":[20,20],"current_hp_per_floor":[55,55,60,48,48,70,61,61,61,53,41,51,47,31,61,46,75,69,40,40,13,7,32,0],"gold":73,"neow_bonus":"THREE_RARE_CARDS","is_prod":false,"is_daily":false,"chose_seed":false,"campfire_upgraded":0,"win_rate":0,"timestamp":1732182121,"path_taken":["M","?","?","M","$","R","M","?","T","M","M","E","?","M","R","BOSS","M","M","$","M","M","R","E"],"build_version":"2022-12-18","purchased_purges":1,"victory":false,"max_hp_per_floor":[71,71,76,76,76,76,76,69,69,69,69,79,79,79,84,84,84,84,84,84,84,84,84,84],"relic_stats":{"counters":[14,54],"Golden Idol":59,"War Paint":["Undo","Defend_B"],"obtain_stats":[{"SlaversCollar":17,"Pear":12,"Golden Idol":8,"War Paint":20,"Cracked Core":0},{"SlaversCollar":9,"Pear":6,"Golden Idol":3,"War Paint":11,"Cracked Core":0},{"SlaversCollar":28,"Pear":15,"Golden Idol":7,"War Paint":36,"Cracked Core":0}]},"card_choices":[{"not_picked":["Reboot","Hyperbeam"],"picked":"Electrodynamics","floor":0.0},{"not_picked":["Turbo","Barrage"],"picked":"Ball Lightning","floor":1},{"not_picked":["Scrape","Gash"],"picked":"Rebound","floor":4},{"not_picked":["Beam Cell","Auto Shields"],"picked":"Ball Lightning","floor":7},{"not_picked":["Aggregate","All For One"],"picked":"Barrage","floor":10},{"not_picked":["Leap","Barrage"],"picked":"Steam","floor":11},{"not_picked":["Hologram","Leap"],"picked":"Undo","floor":12},{"not_picked":["Hologram","Beam Cell"],"picked":"Coolheaded","floor":13},{"not_picked":["Fusion","Rip and Tear","Redo"],"picked":"SKIP","floor":14},{"not_picked":["Rainbow","All For One"],"picked":"Meteor Strike","floor":16},{"not_picked":["Leap","Barrage+1","Chaos"],"picked":"SKIP","floor":18},{"not_picked":["Beam Cell+1","Hello World+1"],"picked":"Fission","floor":19},{"not_picked":["Streamline","Undo"],"picked":"Defragment","floor":21},{"not_picked":["Leap","Beam Cell"],"picked":"Turbo","floor":22}],"player_experience":907293,"relics_obtained":[{"floor":12,"key":"Pear"}],"event_choices":[{"cards_removed":["Doubt"],"damage_healed":0,"gold_gain":0,"player_choice":"Card Removal","damage_taken":0,"max_hp_gain":0,"max_hp_loss":0,"event_name":"The Cleric","floor":2,"gold_loss":75},{"damage_healed":0,"gold_gain":0,"player_choice":"Donut","damage_taken":0,"max_hp_gain":5,"max_hp_loss":0,"event_name":"Big Fish","floor":3,"gold_loss":0},{"damage_healed":0,"gold_gain":0,"player_choice":"Lose Max HP","damage_taken":0,"relics_obtained":["Golden Idol"],"max_hp_gain":0,"max_hp_loss":7,"event_name":"Golden Idol","floor":8,"gold_loss":0}],"is_beta":false,"boss_relics":[{"not_picked":["Ectoplasm","Sozu"],"picked":"SlaversCollar"}],"items_purged_floors":[20],"is_endless":false,"potions_floor_spawned":[10,11,13,21],"killed_by":"Gremlin Leader","ascension_level":20}