{"gold_per_floor":[117,132,150,160,179,179,197,197],"floor_reached":8,"playtime":158,"items_purged":[],"score":104,"play_id":"f052d107-fefe-4121-ad87-c7daa8517a14","local_time":"20241121191132","is_ascension_mode":true,"campfire_choices":[{"data":"Streamline","floor":6,"key":"SMITH"}],"neow_cost":"NONE","seed_source_timestamp":3511043193700,"circlet_count":0,"master_deck":["AscendersBane","Strike_B","Strike_B","Strike_B","Strike_B","Defend_B","Defend_B","Defend_B","Defend_B","Zap","Dualcast","Rebound","Streamline+1","Static Discharge","BootSequence","Steam"],"relics":["Coffee Dripper"],"potions_floor_usage":[8,8],"damage_taken":[{"damage":7,"enemies":"Cultist","floor":1,"turns":4},{"damage":8,"enemies":"Small Slimes","floor":2,"turns":3},{"damage":8,"enemies":"2 Louse","floor":3,"turns":2},{"damage":23,"enemies":"Large Slime","floor":4,"turns":6},{"damage":11,"enemies":"Blue Slaver","floor":5,"turns":4},{"damage":0,"enemies":"Exordium Wildlife","floor":7,"turns":2},{"damage":30,"enemies":"Lagavulin","floor":8,"turns":3}],"seed_played":"-308410694092089897","potions_obtained":[{"floor":1,"key":"DistilledChaos"},{"floor":5,"key":"Dexterity Potion"},{"floor":7,"key":"FearPotion"}],"is_trial":false,"path_per_floor":["M","M","M","M","M","R","M","E"],"character_chosen":"DEFECT","basemod:card_modifiers":[null,null,null,null,null,null,null,null,null,null,null,null,null,null,null,null],"items_purchased":[],"campfire_rested":0,"item_purchase_floors":[],"current_hp_per_floor":[57,49,41,26,15,15,15,0],"gold":197,"neow_bonus":"BOSS_RELIC","is_prod":false,"is_daily":false,"chose_seed":false,"campfire_upgraded":1,"win_rate":0,"timestamp":1732183892,"path_taken":["M","M","M","M","M","R","M","E"],"build_version":"2022-12-18","purchased_purges":0,"victory":false,"max_hp_per_floor":[71,71,71,71,71,71,71,71],"relic_stats":{"counters":[7,24],"obtain_stats":[{"Coffee Dripper":0,"Cracked Core":0},{"Coffee Dripper":0,"Cracked Core":0},{"Coffee Dripper":0,"Cracked Core":0}]},"card_choices":[{"not_picked":["Loop","Stack"],"picked":"Rebound","floor":1},{"not_picked":["Skim","Hello World"],"picked":"Streamline","floor":2},{"not_picked":["Loop","Stack"],"picked":"Static Discharge","floor":3},{"not_picked":["Rip and Tear","Leap"],"picked":"BootSequence","floor":4},{"not_picked":["Heatsinks","All For One"],"picked":"Steam","floor":5},{"not_picked":["Rebound","Rip and Tear","Gash"],"picked":"SKIP","floor":7}],"player_experience":909468,"relics_obtained":[],"event_choices":[],"is_beta":false,"boss_relics":[],"items_purged_floors":[],"is_endless":false,"potions_floor_spawned":[1,5,7],"killed_by":"Lagavulin","ascension_level":20}