{"gold_per_floor":[113,113,38,50,69,69,79,110,110,10,40,57,74,101,101,173,173,188,188,201,214,264,289,289,318,343,376,79,98,108,118,118,195,195,209,223,243,243],"floor_reached":38,"playtime":1125,"items_purged":["Strike_R","Strike_R","Doubt"],"score":1020,"play_id":"a8e69eec-ec9e-442f-b076-373871c0c885","local_time":"20241120213221","is_ascension_mode":true,"campfire_choices":[{"data":"Inflame","floor":6.0,"key":"SMITH"},{"data":"Armaments","floor":15.0,"key":"SMITH"},{"floor":24.0,"key":"REST"},{"data":"Demon Form","floor":32.0,"key":"SMITH"}],"neow_cost":"NONE","seed_source_timestamp":32716521088000,"circlet_count":0,"master_deck":["AscendersBane","Strike_R","Defend_R","Defend_R","Defend_R","Defend_R","Bash+1","Inflame+1","Pummel","Hemokinesis","Anger","Battle Trance","Sword Boomerang","Armaments+1","Shrug It Off","Heavy Blade","Fiend Fire","Rupture+1","Pommel Strike+1","Armaments+1","Rage","Feel No Pain","Body Slam","Demon Form+1","Limit Break","Havoc"],"special_seed":0,"relics":["Burning Blood","Unceasing Top","White Beast Statue","Bottled Lightning","Lantern","Cursed Key","Oddly Smooth Stone","Happy Flower","Pear","Orrery","Runic Cube"],"potions_floor_usage":[37,38,38],"damage_taken":[{"damage":11.0,"enemies":"Jaw Worm","floor":1.0,"turns":6.0},{"damage":7.0,"enemies":"Cultist","floor":4.0,"turns":4.0},{"damage":6.0,"enemies":"2 Louse","floor":5.0,"turns":3.0},{"damage":12.0,"enemies":"Exordium Thugs","floor":7.0,"turns":4.0},{"damage":12.0,"enemies":"Gremlin Nob","floor":8.0,"turns":3.0},{"damage":22.0,"enemies":"Lagavulin","floor":11.0,"turns":6.0},{"damage":6.0,"enemies":"Looter","floor":12.0,"turns":2.0},{"damage":3.0,"enemies":"Red Slaver","floor":13.0,"turns":3.0},{"damage":14.0,"enemies":"3 Sentries","floor":14.0,"turns":4.0},{"damage":0.0,"enemies":"Slime Boss","floor":16.0,"turns":3.0},{"damage":21.0,"enemies":"Shell Parasite","floor":18.0,"turns":4.0},{"damage":0.0,"enemies":"Spheric Guardian","floor":20.0,"turns":3.0},{"damage":3.0,"enemies":"Centurion and Healer","floor":21.0,"turns":5.0},{"damage":27.0,"enemies":"Gremlin Leader","floor":23.0,"turns":4.0},{"damage":31.0,"enemies":"Slavers","floor":25.0,"turns":4.0},{"damage":41.0,"enemies":"Gremlin Leader","floor":27.0,"turns":5.0},{"damage":3.0,"enemies":"3 Cultists","floor":29.0,"turns":4.0},{"damage":0.0,"enemies":"Snake Plant","floor":30.0,"turns":2.0},{"damage":0.0,"enemies":"Snecko","floor":31.0,"turns":3.0},{"damage":27.0,"enemies":"Champ","floor":33.0,"turns":8.0},{"damage":34.0,"enemies":"3 Darklings","floor":35.0,"turns":5.0},{"damage":2.0,"enemies":"Orb Walker","floor":36.0,"turns":3.0},{"damage":28,"enemies":"4 Shapes","floor":37,"turns":4},{"damage":0,"enemies":"Jaw Worm Horde","floor":38,"turns":1}],"seed_played":"-1497533202488408644","potions_obtained":[{"floor":5.0,"key":"Block Potion"},{"floor":7.0,"key":"SpeedPotion"},{"floor":8.0,"key":"Swift Potion"},{"floor":11.0,"key":"Strength Potion"},{"floor":12.0,"key":"DistilledChaos"},{"floor":14.0,"key":"Block Potion"},{"floor":16.0,"key":"SneckoOil"},{"floor":18.0,"key":"FearPotion"},{"floor":20.0,"key":"Regen Potion"},{"floor":21.0,"key":"SteroidPotion"},{"floor":23.0,"key":"Strength Potion"},{"floor":25.0,"key":"LiquidMemories"},{"floor":27.0,"key":"LiquidBronze"},{"floor":29.0,"key":"BloodPotion"},{"floor":30.0,"key":"DistilledChaos"},{"floor":33.0,"key":"SteroidPotion"},{"floor":35.0,"key":"PowerPotion"},{"floor":36.0,"key":"Weak Potion"},{"floor":37,"key":"ColorlessPotion"}],"is_trial":false,"path_per_floor":["M","?","$","M","M","R","M","E","T","$","E","M","M","E","R","B",null,"M","?","M","M","?","E","R","E","T","E","$","M","M","M","R","B",null,"M","M","M","M"],"character_chosen":"IRONCLAD","basemod:card_modifiers":[null,null,null,null,null,null,null,null,null,null,null,null,null,null,null,null,null,null,null,null,null,null,null,null,null,null],"items_purchased":["Orrery"],"campfire_rested":1,"item_purchase_floors":[28],"current_hp_per_floor":[63,63,63,62,62,62,56,50,50,50,34,34,37,29,29,35,65,50,50,56,73,66,45,67,42,42,17,17,20,43,49,49,28,71,43,47,25,25],"gold":243,"neow_bonus":"UPGRADE_CARD","is_prod":false,"is_daily":false,"chose_seed":false,"campfire_upgraded":3,"win_rate":0,"timestamp":1732105941,"path_taken":["M","?","$","M","M","R","M","E","T","?","E","M","?","E","R","BOSS","M","?","M","M","?","E","R","E","T","E","$","M","M","M","R","BOSS","M","M","M","M"],"build_version":"2022-12-18","purchased_purges":3,"victory":false,"max_hp_per_floor":[75,75,75,75,75,75,75,75,75,75,75,75,75,75,75,75,75,75,75,75,75,75,75,75,75,75,85,85,85,85,85,85,85,85,85,85,85,85],"relic_stats":{"Happy Flower":[11],"counters":[24,93],"Bottled Lightning":"Battle Trance","Cursed Key":1,"obtain_stats":[{"Lantern":14,"Pear":27,"Happy Flower":25,"Oddly Smooth Stone":23,"Orrery":28,"Bottled Lightning":11,"Cursed Key":17,"Burning Blood":0,"Unceasing Top":8,"White Beast Statue":9,"Runic Cube":34},{"Lantern":9,"Pear":16,"Happy Flower":15,"Oddly Smooth Stone":14,"Orrery":16,"Bottled Lightning":6,"Cursed Key":10,"Burning Blood":0,"Unceasing Top":5,"White Beast Statue":5,"Runic Cube":20},{"Lantern":35,"Pear":63,"Happy Flower":58,"Oddly Smooth Stone":54,"Orrery":63,"Bottled Lightning":26,"Cursed Key":38,"Burning Blood":0,"Unceasing Top":20,"White Beast Statue":20,"Runic Cube":80}],"Burning Blood":138,"Unceasing Top":[6],"White Beast Statue":[0.0,0.024000000000000007,0.0,0.32800000000000007,0.0,0.5280000000000001,0.0,0.12000000000000002,0.0,0.0,0.0,7.637367091200003],"Runic Cube":[11]},"card_choices":[{"not_picked":["Armaments","Sword Boomerang"],"picked":"Inflame","floor":1.0},{"not_picked":["Bloodletting","Pummel"],"picked":"Hemokinesis","floor":4.0},{"not_picked":["Clash","Perfected Strike","Havoc"],"picked":"SKIP","floor":5.0},{"not_picked":["Iron Wave","Clash"],"picked":"Anger","floor":7.0},{"not_picked":["Barricade","Blood for Blood"],"picked":"Battle Trance","floor":8.0},{"not_picked":["Headbutt","Brutality"],"picked":"Sword Boomerang","floor":11.0},{"not_picked":["Hemokinesis","Power Through"],"picked":"Armaments","floor":12.0},{"not_picked":["Perfected Strike","Clash"],"picked":"Shrug It Off","floor":13.0},{"not_picked":["Whirlwind","Searing Blow"],"picked":"Heavy Blade","floor":14.0},{"not_picked":["Demon Form","Impervious"],"picked":"Fiend Fire","floor":16.0},{"not_picked":["Perfected Strike","Wild Strike","Inflame"],"picked":"SKIP","floor":18.0},{"not_picked":["Wild Strike+1","Sword Boomerang","Thunderclap"],"picked":"SKIP","floor":20.0},{"not_picked":["Sword Boomerang","Anger","Pommel Strike"],"picked":"SKIP","floor":21.0},{"not_picked":["Havoc","Combust"],"picked":"Rupture+1","floor":23.0},{"not_picked":["Carnage","Anger","Whirlwind"],"picked":"SKIP","floor":25.0},{"not_picked":["Double Tap","Fire Breathing","Flex"],"picked":"SKIP","floor":27.0},{"not_picked":["Pummel+1","Cleave"],"picked":"Pommel Strike+1","floor":28.0},{"not_picked":["Clash","Twin Strike"],"picked":"Armaments+1","floor":28.0},{"not_picked":["Infernal Blade","Searing Blow"],"picked":"Rage","floor":28.0},{"not_picked":["Cleave","Bludgeon"],"picked":"Feel No Pain","floor":28.0},{"not_picked":["Twin Strike","Heavy Blade+1","Thunderclap"],"picked":"SKIP","floor":29.0},{"not_picked":["Ghostly Armor+1","Battle Trance"],"picked":"Body Slam","floor":30.0},{"not_picked":["Power Through","Pommel Strike"],"picked":"Demon Form","floor":31.0},{"not_picked":["Berserk","Exhume"],"picked":"Limit Break","floor":33.0},{"not_picked":["Shrug It Off","Havoc","Twin Strike"],"picked":"SKIP","floor":35.0},{"not_picked":["Shrug It Off","Twin Strike"],"picked":"Havoc","floor":35.0},{"not_picked":["Thunderclap","Twin Strike","Infernal Blade"],"picked":"SKIP","floor":36.0},{"not_picked":["Body Slam","Shrug It Off","Ghostly Armor+1"],"picked":"SKIP","floor":37}],"player_experience":900791,"relics_obtained":[{"floor":8.0,"key":"Unceasing Top"},{"floor":9.0,"key":"White Beast Statue"},{"floor":11.0,"key":"Bottled Lightning"},{"floor":14.0,"key":"Lantern"},{"floor":23.0,"key":"Oddly Smooth Stone"},{"floor":25.0,"key":"Happy Flower"},{"floor":27.0,"key":"Pear"}],"event_choices":[{"damage_healed":0.0,"max_hp_gain":0.0,"max_hp_loss":0.0,"gold_gain":0.0,"cards_transformed":["Strike_R"],"event_name":"Transmorgrifier","player_choice":"Transformed","floor":2.0,"gold_loss":0.0,"damage_taken":0.0,"cards_obtained":["Pummel"]},{"cards_removed":["Strike_R"],"damage_healed":0.0,"max_hp_gain":0.0,"max_hp_loss":0.0,"gold_gain":0.0,"event_name":"Back to Basics","player_choice":"Elegance","floor":19.0,"gold_loss":0.0,"damage_taken":0.0},{"damage_healed":0.0,"max_hp_gain":0.0,"max_hp_loss":0.0,"gold_gain":50.0,"event_name":"FaceTrader","player_choice":"Touch","floor":22.0,"gold_loss":0.0,"damage_taken":7.0}],"is_beta":false,"boss_relics":[{"not_picked":["Busted Crown","Snecko Eye"],"picked":"Cursed Key"},{"not_picked":["SacredBark","Velvet Choker"],"picked":"Runic Cube"}],"items_purged_floors":[3,10,28],"is_endless":false,"potions_floor_spawned":[5,7,8,11,12,13,14,16,18,20,21,23,25,27,29,30,31,33,35,36,37],"killed_by":"Jaw Worm Horde","ascension_level":20}