{"gold_per_floor":[10,21,21,33,43,78,78,107,107,137,149,149,159,172,172,248,248,268,281,300,316,23,23,23],"floor_reached":24,"playtime":881,"items_purged":["Strike_B"],"score":444,"play_id":"824cc243-59b9-48e4-aa3e-97a3d870422e","local_time":"20241120005738","is_ascension_mode":true,"campfire_choices":[{"floor":7.0,"key":"REST"},{"data":"Turbo","floor":15,"key":"SMITH"},{"floor":23,"key":"REST"}],"neow_cost":"NO_GOLD","seed_source_timestamp":7540692267600,"circlet_count":0,"master_deck":["AscendersBane","Strike_B","Strike_B","Defend_B+1","Defend_B","Zap+1","Dualcast","Turbo+1","Rebound","Compile Driver","Undo","Steam","Streamline","Ball Lightning","Hologram","Compile Driver","Skim","Go for the Eyes","BootSequence","Electrodynamics","CurseOfTheBell","Barrage","Conserve Battery","Beam Cell+1","Hologram"],"special_seed":0,"relics":["Cracked Core","War Paint","Toy Ornithopter","Kunai","Dead Branch","Calling Bell","Dream Catcher","Darkstone Periapt","Gambling Chip","Bag of Preparation"],"potions_floor_usage":[16,16,21,24],"damage_taken":[{"damage":7.0,"enemies":"Jaw Worm","floor":1.0,"turns":2.0},{"damage":1.0,"enemies":"Cultist","floor":2.0,"turns":3.0},{"damage":0.0,"enemies":"Small Slimes","floor":4.0,"turns":3.0},{"damage":0.0,"enemies":"2 Fungi Beasts","floor":5.0,"turns":2.0},{"damage":30.0,"enemies":"Lagavulin","floor":6.0,"turns":7.0},{"damage":17.0,"enemies":"3 Sentries","floor":8.0,"turns":5.0},{"damage":32.0,"enemies":"Gremlin Nob","floor":10.0,"turns":4.0},{"damage":4.0,"enemies":"Exordium Thugs","floor":11.0,"turns":5.0},{"damage":0,"enemies":"3 Louse","floor":13,"turns":2},{"damage":0,"enemies":"2 Fungi Beasts","floor":14,"turns":2},{"damage":18,"enemies":"Hexaghost","floor":16,"turns":9},{"damage":29,"enemies":"Shell Parasite","floor":18,"turns":6},{"damage":0,"enemies":"3 Byrds","floor":19,"turns":2},{"damage":2,"enemies":"Centurion and Healer","floor":20,"turns":6},{"damage":31,"enemies":"Cultist and Chosen","floor":21,"turns":5},{"damage":54,"enemies":"Book of Stabbing","floor":24,"turns":5}],"seed_played":"4594744654407948764","potions_obtained":[{"floor":1.0,"key":"GamblersBrew"},{"floor":5.0,"key":"Fruit Juice"},{"floor":11.0,"key":"GamblersBrew"},{"floor":14,"key":"Regen Potion"},{"floor":16,"key":"Weak Potion"},{"floor":18,"key":"Swift Potion"},{"floor":19,"key":"Regen Potion"},{"floor":21,"key":"Regen Potion"}],"is_trial":false,"path_per_floor":["M","M","?","M","M","E","R","E","T","E","M","?","M","M","R","B",null,"M","M","M","M","$","R","E"],"character_chosen":"DEFECT","basemod:card_modifiers":[null,null,null,null,null,null,null,null,null,null,null,null,null,null,null,null,null,null,null,null,null,null,null,null,null],"items_purchased":["Hologram","Bag of Preparation"],"campfire_rested":2,"item_purchase_floors":[22,22],"current_hp_per_floor":[57,56,56,56,56,26,53,36,36,4,5,5,5,5,5,12,60,31,31,29,8,8,30,0],"gold":23,"neow_bonus":"TRANSFORM_TWO_CARDS","is_prod":false,"is_daily":false,"chose_seed":false,"campfire_upgraded":1,"win_rate":0,"timestamp":1732031858,"path_taken":["M","M","?","M","?","E","R","E","T","E","M","?","M","M","R","BOSS","M","M","M","M","$","R","E"],"build_version":"2022-12-18","purchased_purges":1,"victory":false,"max_hp_per_floor":[71,71,71,71,71,71,76,76,76,76,76,76,76,76,76,76,76,76,76,76,76,76,76,76],"relic_stats":{"Darkstone Periapt":0,"Dream Catcher":1,"counters":[16,68],"Dead Branch":[30],"Gambling Chip":[12],"Bag of Preparation":[2],"Kunai":[10],"War Paint":["Zap","Defend_B"],"obtain_stats":[{"Calling Bell":17,"Darkstone Periapt":17,"Dream Catcher":17,"Dead Branch":10,"Gambling Chip":17,"Bag of Preparation":22,"Kunai":9,"War Paint":6,"Cracked Core":0,"Toy Ornithopter":8},{"Calling Bell":11,"Darkstone Periapt":11,"Dream Catcher":11,"Dead Branch":7,"Gambling Chip":11,"Bag of Preparation":15,"Kunai":6,"War Paint":5,"Cracked Core":0,"Toy Ornithopter":6},{"Calling Bell":44,"Darkstone Periapt":44,"Dream Catcher":44,"Dead Branch":26,"Gambling Chip":44,"Bag of Preparation":63,"Kunai":22,"War Paint":17,"Cracked Core":0,"Toy Ornithopter":22}],"Toy Ornithopter":25},"card_choices":[{"not_picked":["Chaos","Go for the Eyes"],"picked":"Compile Driver","floor":1.0},{"not_picked":["Genetic Algorithm","Tempest"],"picked":"Undo","floor":2.0},{"not_picked":["Turbo","Coolheaded"],"picked":"Streamline","floor":4.0},{"not_picked":["Stack","Chaos"],"picked":"Ball Lightning","floor":5.0},{"not_picked":["Streamline","Redo"],"picked":"Hologram","floor":6.0},{"not_picked":["Sweeping Beam","Turbo"],"picked":"Compile Driver","floor":8.0},{"not_picked":["Stack","Meteor Strike"],"picked":"Skim","floor":10.0},{"not_picked":["Streamline","Redo","Compile Driver"],"picked":"SKIP","floor":11.0},{"not_picked":["Redo","Conserve Battery"],"picked":"Go for the Eyes","floor":13},{"not_picked":["Skim","Rebound"],"picked":"BootSequence","floor":14},{"not_picked":["Seek","Biased Cognition"],"picked":"Electrodynamics","floor":16},{"not_picked":["Storm","Gash","Skim"],"picked":"SKIP","floor":18},{"not_picked":["Redo","Sunder"],"picked":"Barrage","floor":19},{"not_picked":["Turbo","FTL"],"picked":"Conserve Battery","floor":20},{"not_picked":["Steam","Redo+1"],"picked":"Beam Cell+1","floor":21}],"player_experience":898265,"relics_obtained":[{"floor":6.0,"key":"War Paint"},{"floor":8.0,"key":"Toy Ornithopter"},{"floor":9.0,"key":"Kunai"},{"floor":10.0,"key":"Dead Branch"},{"floor":17,"key":"Dream Catcher"},{"floor":17,"key":"Darkstone Periapt"},{"floor":17,"key":"Gambling Chip"}],"event_choices":[{"damage_healed":0.0,"max_hp_gain":0.0,"max_hp_loss":0.0,"gold_gain":0.0,"cards_transformed":["Defend_B"],"event_name":"Transmorgrifier","player_choice":"Transformed","floor":3.0,"gold_loss":0.0,"damage_taken":0.0,"cards_obtained":["Steam"]},{"damage_healed":0.0,"max_hp_gain":0.0,"max_hp_loss":0.0,"gold_gain":0.0,"event_name":"Shining Light","player_choice":"Ignored","floor":12.0,"gold_loss":0.0,"damage_taken":0.0}],"is_beta":false,"boss_relics":[{"not_picked":["Snecko Eye","Sozu"],"picked":"Calling Bell"}],"items_purged_floors":[22],"is_endless":false,"potions_floor_spawned":[1,5,11,14,16,18,19,21],"killed_by":"Book of Stabbing","ascension_level":20}