{"gold_per_floor":[14,14,14,24,35,69,69,103,103,103,137,137,160,191,191,287,287,305,324,324,324,83,83,103,103,129,144,160,196,37,51,51,51],"floor_reached":33,"playtime":990,"items_purged":["Bite+1","Bite+1"],"score":590,"play_id":"1e83ef79-90e4-4629-a4bf-103c08d0565b","local_time":"20241121185839","is_ascension_mode":true,"campfire_choices":[{"data":"Hyperbeam","floor":7,"key":"SMITH"},{"floor":10,"key":"REST"},{"data":"Beam Cell","floor":15,"key":"SMITH"},{"data":"Turbo","floor":23,"key":"SMITH"},{"data":"Coolheaded","floor":32,"key":"SMITH"}],"neow_cost":"NO_GOLD","seed_source_timestamp":1905385083700,"circlet_count":0,"master_deck":["AscendersBane","Defend_B","Zap","Dualcast","Hyperbeam+1","FTL","Hologram","Glacier","Beam Cell+1","Self Repair","Turbo+1","Lockon+1","Electrodynamics","Barrage+1","Bite+1","Bite+1","Bite+1","Coolheaded+1","Compile Driver+1"],"relics":["Cracked Core","Happy Flower","Molten Egg 2","Vajra","Cables","Golden Idol","MealTicket","Empty Cage","ClockworkSouvenir","Mummified Hand","Regal Pillow","StrikeDummy"],"potions_floor_usage":[6,8,28,31,33],"damage_taken":[{"damage":5,"enemies":"Small Slimes","floor":1,"turns":3},{"damage":5,"enemies":"2 Louse","floor":4,"turns":2},{"damage":2,"enemies":"Jaw Worm","floor":5,"turns":2},{"damage":28,"enemies":"Lagavulin","floor":6,"turns":9},{"damage":11,"enemies":"Gremlin Nob","floor":8,"turns":3},{"damage":5,"enemies":"3 Sentries","floor":11,"turns":3},{"damage":5,"enemies":"Gremlin Gang","floor":13,"turns":3},{"damage":17,"enemies":"Lagavulin","floor":14,"turns":5},{"damage":32,"enemies":"Hexaghost","floor":16,"turns":9},{"damage":17,"enemies":"Spheric Guardian","floor":18,"turns":4},{"damage":30,"enemies":"Shell Parasite","floor":19,"turns":5},{"damage":21,"enemies":"Chosen and Byrds","floor":24,"turns":5},{"damage":29,"enemies":"Centurion and Healer","floor":27,"turns":10},{"damage":5,"enemies":"Snecko","floor":28,"turns":3},{"damage":34,"enemies":"Slavers","floor":29,"turns":3},{"damage":38,"enemies":"Snake Plant","floor":31,"turns":3},{"damage":24,"enemies":"Collector","floor":33,"turns":3}],"seed_played":"3460447531330941229","potions_obtained":[{"floor":4,"key":"SteroidPotion"},{"floor":5,"key":"Weak Potion"},{"floor":13,"key":"Swift Potion"},{"floor":16,"key":"Swift Potion"},{"floor":19,"key":"ColorlessPotion"},{"floor":31,"key":"SkillPotion"}],"is_trial":false,"path_per_floor":["M","?","?","M","M","E","R","E","T","R","E","?","M","E","R","B",null,"M","M","?","?","$","R","M","T","T","M","M","E","$","M","R","B"],"character_chosen":"DEFECT","basemod:card_modifiers":[null,null,null,null,null,null,null,null,null,null,null,null,null,null,null,null,null,null,null],"items_purchased":["ClockworkSouvenir","Compile Driver+1"],"campfire_rested":1,"item_purchase_floors":[22,30],"current_hp_per_floor":[59,59,59,54,52,24,24,13,13,34,36,36,38,28,28,20,53,43,20,20,20,35,35,36,36,36,44,44,23,38,9,9,0],"gold":51,"neow_bonus":"THREE_RARE_CARDS","is_prod":false,"is_daily":false,"chose_seed":false,"campfire_upgraded":4,"win_rate":0,"timestamp":1732183119,"path_taken":["M","?","?","M","M","E","R","E","T","R","E","?","M","E","R","BOSS","M","M","?","?","$","R","?","?","T","M","M","E","$","M","R","BOSS"],"build_version":"2022-12-18","purchased_purges":2,"victory":false,"max_hp_per_floor":[71,71,71,71,71,71,71,71,71,71,71,64,64,64,64,64,64,64,64,44,44,44,44,44,44,44,44,44,44,44,44,44,44],"relic_stats":{"Regal Pillow":0,"Happy Flower":[19],"counters":[17,75],"Golden Idol":58,"Mummified Hand":[10],"MealTicket":30,"obtain_stats":[{"Regal Pillow":26,"Happy Flower":6,"Golden Idol":12,"Mummified Hand":25,"Vajra":9,"Molten Egg 2":8,"MealTicket":14,"Cracked Core":0,"Empty Cage":17,"StrikeDummy":29,"Cables":11,"ClockworkSouvenir":22},{"Regal Pillow":12,"Happy Flower":4,"Golden Idol":6,"Mummified Hand":12,"Vajra":5,"Molten Egg 2":5,"MealTicket":8,"Cracked Core":0,"Empty Cage":9,"StrikeDummy":15,"Cables":6,"ClockworkSouvenir":11},{"Regal Pillow":53,"Happy Flower":16,"Golden Idol":22,"Mummified Hand":53,"Vajra":19,"Molten Egg 2":19,"MealTicket":30,"Cracked Core":0,"Empty Cage":39,"StrikeDummy":69,"Cables":22,"ClockworkSouvenir":48}],"Cables":[39,23,16,0,0]},"card_choices":[{"not_picked":["Reboot","Buffer"],"picked":"Hyperbeam","floor":0},{"not_picked":["Barrage","Redo"],"picked":"FTL","floor":1},{"not_picked":["Barrage","Conserve Battery"],"picked":"Hologram","floor":4},{"not_picked":["White Noise","Stack"],"picked":"Glacier","floor":5},{"not_picked":["Compile Driver","Cold Snap"],"picked":"Beam Cell","floor":6},{"not_picked":["Lockon+1","Genetic Algorithm"],"picked":"Self Repair","floor":8},{"not_picked":["Meteor Strike+1","BootSequence"],"picked":"Turbo","floor":11},{"not_picked":["Auto Shields","Fusion"],"picked":"Lockon+1","floor":13},{"not_picked":["Storm","Aggregate","Gash+1"],"picked":"SKIP","floor":14},{"not_picked":["Machine Learning","Thunder Strike+1"],"picked":"Electrodynamics","floor":16},{"not_picked":["FTL+1","Beam Cell+1"],"picked":"Barrage+1","floor":18},{"not_picked":["Blizzard+1","Beam Cell+1","Barrage+1"],"picked":"SKIP","floor":19},{"not_picked":["Storm","Cold Snap+1","Gash+1"],"picked":"SKIP","floor":24},{"not_picked":["Go for the Eyes+1","Double Energy"],"picked":"Coolheaded","floor":27},{"not_picked":["Ball Lightning+1","Rebound+1","Go for the Eyes+1"],"picked":"SKIP","floor":28},{"not_picked":["Barrage+1","Conserve Battery","Electrodynamics"],"picked":"SKIP","floor":29},{"not_picked":["Barrage+1","Rip and Tear+1","Scrape+1"],"picked":"SKIP","floor":31}],"player_experience":907877,"relics_obtained":[{"floor":6,"key":"Happy Flower"},{"floor":8,"key":"Molten Egg 2"},{"floor":9,"key":"Vajra"},{"floor":11,"key":"Cables"},{"floor":14,"key":"MealTicket"},{"floor":25,"key":"Mummified Hand"},{"floor":26,"key":"Regal Pillow"},{"floor":29,"key":"StrikeDummy"}],"event_choices":[{"cards_removed":["Strike_B"],"damage_healed":0,"gold_gain":0,"player_choice":"Forget","damage_taken":0,"max_hp_gain":0,"max_hp_loss":0,"event_name":"Living Wall","floor":2,"gold_loss":0},{"damage_healed":0,"gold_gain":0,"player_choice":"Ignored","damage_taken":0,"max_hp_gain":0,"max_hp_loss":0,"event_name":"Liars Game","floor":3,"gold_loss":0},{"damage_healed":0,"gold_gain":0,"player_choice":"Lose Max HP","damage_taken":0,"relics_obtained":["Golden Idol"],"max_hp_gain":0,"max_hp_loss":7,"event_name":"Golden Idol","floor":12,"gold_loss":0},{"damage_healed":0,"gold_gain":0,"player_choice":"Became a vampire","damage_taken":0,"max_hp_gain":0,"max_hp_loss":20,"event_name":"Vampires","floor":20,"gold_loss":0,"cards_obtained":["Bite","Bite","Bite","Bite","Bite"]},{"cards_removed":["Defend_B"],"damage_healed":0,"gold_gain":0,"player_choice":"Purged","damage_taken":0,"max_hp_gain":0,"max_hp_loss":0,"event_name":"Purifier","floor":21,"gold_loss":0}],"is_beta":false,"boss_relics":[{"not_picked":["Fusion Hammer","Ectoplasm"],"picked":"Empty Cage"}],"items_purged_floors":[22,30],"is_endless":false,"potions_floor_spawned":[4,5,13,16,19,31],"killed_by":"Collector","ascension_level":20}