{"gold_per_floor":[155,192,249,288,341,341,415,415,415,447,491,526,526,615,615,615],"floor_reached":16,"playtime":423,"items_purged":[],"score":248,"play_id":"3ef7a6c2-0262-4346-81fa-339e1b2af940","local_time":"20241120214208","is_ascension_mode":true,"campfire_choices":[{"floor":6.0,"key":"REST"},{"data":"HandOfGreed","floor":8.0,"key":"SMITH"},{"data":"Bash","floor":15.0,"key":"SMITH"}],"neow_cost":"PERCENT_DAMAGE","seed_source_timestamp":0,"circlet_count":0,"master_deck":["AscendersBane","Strike_R","Strike_R","Strike_R","Strike_R","Defend_R","Defend_R","Defend_R","Defend_R","Bash+1","HandOfGreed+1","Pommel Strike","Cleave","Impervious","Battle Trance","Disarm","Shrug It Off","Evolve"],"special_seed":0,"relics":["Burning Blood","Torii","Singing Bowl","Ancient Tea Set","Charon\u0027s Ashes"],"potions_floor_usage":[16],"damage_taken":[{"damage":4.0,"enemies":"Small Slimes","floor":1.0,"turns":3.0},{"damage":9.0,"enemies":"Jaw Worm","floor":2.0,"turns":4.0},{"damage":3.0,"enemies":"2 Louse","floor":3.0,"turns":4.0},{"damage":16.0,"enemies":"Red Slaver","floor":4.0,"turns":6.0},{"damage":1.0,"enemies":"2 Fungi Beasts","floor":5.0,"turns":4.0},{"damage":20.0,"enemies":"3 Sentries","floor":7.0,"turns":10.0},{"damage":25.0,"enemies":"Lagavulin","floor":10.0,"turns":6.0},{"damage":11.0,"enemies":"Looter","floor":11.0,"turns":2.0},{"damage":6.0,"enemies":"Gremlin Nob","floor":12.0,"turns":4.0},{"damage":6.0,"enemies":"Gremlin Gang","floor":14.0,"turns":7.0},{"damage":35,"enemies":"Hexaghost","floor":16,"turns":11}],"seed_played":"-6355493697812411842","potions_obtained":[{"floor":1.0,"key":"Fire Potion"},{"floor":3.0,"key":"DuplicationPotion"},{"floor":12.0,"key":"Strength Potion"},{"floor":14.0,"key":"Ancient Potion"}],"is_trial":false,"path_per_floor":["M","M","M","M","M","R","E","R","T","E","M","E","?","M","R","B"],"character_chosen":"IRONCLAD","basemod:card_modifiers":[null,null,null,null,null,null,null,null,null,null,null,null,null,null,null,null,null,null],"items_purchased":[],"campfire_rested":1,"item_purchase_floors":[],"current_hp_per_floor":[52,49,52,42,47,69,55,55,55,36,31,31,31,33,33,0],"gold":615,"neow_bonus":"RANDOM_COLORLESS_2","is_prod":false,"is_daily":false,"chose_seed":false,"campfire_upgraded":2,"win_rate":0,"timestamp":1732106528,"path_taken":["M","M","M","M","M","R","E","R","T","E","M","E","?","M","R","BOSS"],"build_version":"2022-12-18","purchased_purges":0,"victory":false,"max_hp_per_floor":[75,75,75,75,75,75,75,75,75,75,75,75,75,77,77,77],"relic_stats":{"Torii":39,"Singing Bowl":2,"counters":[11,61],"Charon\u0027s Ashes":[18],"Ancient Tea Set":[2],"obtain_stats":[{"Torii":7,"Singing Bowl":9,"Charon\u0027s Ashes":12,"Ancient Tea Set":10,"Burning Blood":0},{"Torii":6,"Singing Bowl":6,"Charon\u0027s Ashes":9,"Ancient Tea Set":7,"Burning Blood":0},{"Torii":31,"Singing Bowl":31,"Charon\u0027s Ashes":43,"Ancient Tea Set":37,"Burning Blood":0}],"Burning Blood":60},"card_choices":[{"not_picked":["Mayhem","Chrysalis"],"picked":"HandOfGreed","floor":0.0},{"not_picked":["Twin Strike","Perfected Strike"],"picked":"Pommel Strike","floor":1.0},{"not_picked":["Pommel Strike","Armaments"],"picked":"Cleave","floor":2.0},{"not_picked":["Seeing Red","Flex"],"picked":"Impervious","floor":3.0},{"not_picked":["Clash","Body Slam","Heavy Blade"],"picked":"SKIP","floor":4.0},{"not_picked":["Perfected Strike","Headbutt"],"picked":"Battle Trance","floor":5.0},{"not_picked":["Hemokinesis","Entrench","True Grit"],"picked":"SKIP","floor":7.0},{"not_picked":["Evolve","Power Through"],"picked":"Disarm","floor":10.0},{"not_picked":["Limit Break","Warcry"],"picked":"Shrug It Off","floor":11.0},{"not_picked":["Clothesline","Twin Strike"],"picked":"Evolve","floor":12.0},{"not_picked":["Intimidate","Headbutt","Body Slam"],"picked":"Singing Bowl","floor":14.0}],"player_experience":901916,"relics_obtained":[{"floor":7.0,"key":"Torii"},{"floor":9.0,"key":"Singing Bowl"},{"floor":10.0,"key":"Ancient Tea Set"},{"floor":12.0,"key":"Charon\u0027s Ashes"}],"event_choices":[{"cards_removed":["Strike_R"],"damage_healed":0.0,"max_hp_gain":0.0,"max_hp_loss":0.0,"gold_gain":0.0,"event_name":"Living Wall","player_choice":"Forget","floor":13.0,"gold_loss":0.0,"damage_taken":0.0}],"is_beta":false,"boss_relics":[],"items_purged_floors":[],"is_endless":false,"potions_floor_spawned":[1,3,4,12,14],"killed_by":"Hexaghost","ascension_level":20}