{"gold_per_floor":[367,14,26,39,58,58,92,92,92,92,126,144,170,43,43,120,120,137,154,173,88,88,88,106,106],"floor_reached":25,"playtime":601,"items_purged":["Defend_B"],"score":446,"play_id":"150c8e1b-2e5b-4723-928b-b34aaa73fb83","local_time":"20241121190847","is_ascension_mode":true,"campfire_choices":[{"floor":6,"key":"REST"},{"floor":8,"key":"REST"},{"data":"Apotheosis","floor":10,"key":"SMITH"},{"floor":15,"key":"REST"},{"floor":23,"key":"REST"}],"neow_cost":"TEN_PERCENT_HP_LOSS","seed_source_timestamp":2902758632100,"circlet_count":0,"master_deck":["AscendersBane","Strike_B","Strike_B","Strike_B+1","Strike_B","Defend_B","Defend_B","Defend_B","Zap","Dualcast","Beam Cell","Apotheosis+1","Coolheaded","Ball Lightning","Ball Lightning+1","Hologram","Coolheaded","Reinforced Body","Hologram","Seek","Consume","Coolheaded"],"relics":["Cracked Core","OrangePellets","Whetstone","Pear","Blood Vial","Inserter","StoneCalendar"],"potions_floor_usage":[5,11,16],"damage_taken":[{"damage":10,"enemies":"Small Slimes","floor":1,"turns":3},{"damage":7,"enemies":"Jaw Worm","floor":3,"turns":3},{"damage":0,"enemies":"Cultist","floor":4,"turns":2},{"damage":24,"enemies":"Exordium Wildlife","floor":5,"turns":5},{"damage":17,"enemies":"Lagavulin","floor":7,"turns":6},{"damage":11,"enemies":"Gremlin Nob","floor":11,"turns":3},{"damage":15,"enemies":"Gremlin Gang","floor":12,"turns":3},{"damage":8,"enemies":"3 Sentries","floor":13,"turns":5},{"damage":4,"enemies":"The Guardian","floor":16,"turns":10},{"damage":10,"enemies":"Shell Parasite","floor":18,"turns":9},{"damage":0,"enemies":"Chosen","floor":19,"turns":3},{"damage":29,"enemies":"Centurion and Healer","floor":20,"turns":8},{"damage":44,"enemies":"3 Cultists","floor":24,"turns":5},{"damage":8,"enemies":"Gremlin Leader","floor":25,"turns":2}],"seed_played":"6461792642484192570","potions_obtained":[{"floor":4,"key":"Energy Potion"},{"floor":7,"key":"AttackPotion"},{"floor":12,"key":"Dexterity Potion"},{"floor":13,"key":"PotionOfCapacity"},{"floor":18,"key":"Ancient Potion"},{"floor":20,"key":"PotionOfCapacity"}],"is_trial":false,"path_per_floor":["M","$","M","M","M","R","E","R","T","R","E","M","E","$","R","B",null,"M","M","M","?","?","R","M","E"],"character_chosen":"DEFECT","basemod:card_modifiers":[null,null,null,null,null,null,null,null,null,null,null,null,null,null,null,null,null,null,null,null,null,null],"items_purchased":["Apotheosis","OrangePellets","Hologram"],"campfire_rested":4,"item_purchase_floors":[2,2,14],"current_hp_per_floor":[54,54,47,47,23,42,25,44,44,44,43,28,20,20,42,40,66,58,60,33,33,33,55,13,7],"gold":106,"neow_bonus":"TWO_FIFTY_GOLD","is_prod":false,"is_daily":false,"chose_seed":false,"campfire_upgraded":1,"win_rate":0,"timestamp":1732183727,"path_taken":["M","$","M","M","M","R","E","R","T","R","E","M","E","$","R","BOSS","M","M","M","?","?","R","M","E"],"build_version":"2022-12-18","purchased_purges":1,"victory":false,"max_hp_per_floor":[64,64,64,64,64,64,64,64,64,64,74,74,74,74,74,74,74,74,74,74,74,74,74,74,74],"relic_stats":{"Blood Vial":12,"OrangePellets":[0],"Inserter":[13],"counters":[14,67],"StoneCalendar":[0],"Whetstone":["Ball Lightning","Strike_B"],"obtain_stats":[{"Blood Vial":13,"OrangePellets":2,"Pear":11,"Inserter":17,"StoneCalendar":21,"Whetstone":7,"Cracked Core":0},{"Blood Vial":8,"OrangePellets":1,"Pear":6,"Inserter":9,"StoneCalendar":12,"Whetstone":5,"Cracked Core":0},{"Blood Vial":30,"OrangePellets":3,"Pear":22,"Inserter":40,"StoneCalendar":60,"Whetstone":19,"Cracked Core":0}]},"card_choices":[{"not_picked":["Turbo","Conserve Battery"],"picked":"Beam Cell","floor":1},{"not_picked":["Gash","Rip and Tear"],"picked":"Coolheaded","floor":3},{"not_picked":["Streamline","Leap"],"picked":"Ball Lightning","floor":4},{"not_picked":["Beam Cell","Turbo"],"picked":"Ball Lightning","floor":5},{"not_picked":["Stack","Recycle"],"picked":"Hologram","floor":7},{"not_picked":["Steam","Beam Cell","All For One"],"picked":"SKIP","floor":11},{"not_picked":["Stack","Go for the Eyes"],"picked":"Coolheaded","floor":12},{"not_picked":["Compile Driver","Loop"],"picked":"Reinforced Body","floor":13},{"not_picked":["Thunder Strike","Machine Learning"],"picked":"Seek","floor":16},{"not_picked":["Leap","Cold Snap","Rebound"],"picked":"SKIP","floor":18},{"not_picked":["Sweeping Beam","Self Repair"],"picked":"Consume","floor":19},{"not_picked":["Steam","Streamline","Hologram"],"picked":"SKIP","floor":20},{"not_picked":["Stack","Lockon"],"picked":"Coolheaded","floor":24}],"player_experience":908867,"relics_obtained":[{"floor":7,"key":"Whetstone"},{"floor":11,"key":"Pear"},{"floor":13,"key":"Blood Vial"}],"event_choices":[{"damage_healed":0,"gold_gain":0,"player_choice":"Obtained Relic","damage_taken":0,"relics_obtained":["StoneCalendar"],"max_hp_gain":0,"max_hp_loss":0,"event_name":"Addict","floor":21,"gold_loss":85},{"damage_healed":0,"gold_gain":0,"player_choice":"Ignored","damage_taken":0,"max_hp_gain":0,"max_hp_loss":0,"event_name":"The Mausoleum","floor":22,"gold_loss":0}],"is_beta":false,"boss_relics":[{"not_picked":["Ectoplasm","Tiny House"],"picked":"Inserter"}],"items_purged_floors":[14],"is_endless":false,"potions_floor_spawned":[4,7,12,13,18,20],"killed_by":"Gremlin Leader","ascension_level":20}